3144 4925
958 373 1121 424 car.
1154 374 1237 426 ιι.
1284 375 1383 425 nn
1428 375 2000 426 cnunnm'u'rss.
2445 359 2586 430 833

368 520 847 606 menclatorem
862 526 891 569 ⁹
934 519 1381 602 conquisitos,
1407 522 1940 603 proscriptorum
1983 541 2256 587 numero
2301 521 2572 609 adjecit.

372 622 733 694 Adversus
758 620 1067 690 mulieres
1098 641 1363 705 quoquo
1390 620 1656 708 gladios
1687 622 2094 704 destrinxit3·
2117 625 2315 706 quasi
2341 645 2581 708 parum

271 785 277 796 .
374 725 687 794 caedibus
713 725 1013 790 virorum
1040 725 1347 793 satiatus.
1436 724 1523 788 Id
1566 743 1838 809 qnoque
1878 725 2310 808 inexplebilis
2333 735 2388 765 ¹⁰
2427 729 2586 796 seri-

373 827 534 914 tatis
564 827 887 896 indicium
934 831 1063 893 est.
1148 824 1445 894 Abscisa
1486 829 1874 894 miserorum
1915 828 2165 911 capita,
2193 830 2402 895 modo
2451 849 2588 896 non

377 930 639 996 vultum
660 936 707 969 ¹¹
755 947 838 997 ac
868 928 1177 1011 spiritum
1218 928 1612 1007 retinentia,‘
1653 930 1721 993 in
1765 937 2207 1013 conspectum
2255 951 2448 999 suum
2483 931 2593 998 afa

376 1030 532 1100 ferri
562 1029 807 1108 voluit,
838 1035 915 1096 ut
954 1029 1175 1101 oculis
1227 1028 1369 1107 illa,
1397 1030 1563 1112 quin
1605 1049 1718 1096 ore
1756 1029 1954 1096 nefas
2003 1039 2170 1109 erat,
2225 1035 2586 1100 manderet.

382 1131 607 1212 Quam
650 1151 852 1215 porro
898 1131 1280 1200 crudeliter.
1304 1151 1379 1196 se
1418 1134 1491 1197 in
1538 1133 1637 1198 M.
1687 1132 1912 1197 Mario
1958 1136 2296 1217 praetore‘
2341 1135 2584 1219 gessit!

381 1253 584 1316 quem
612 1253 739 1320 per
768 1251 889 1300 ora
917 1233 1105 1314 vulgi
1136 1232 1227 1304 ad.
1269 1233 1654 1316 sepulcrum
1703 1233 1995 1300 Lutatiae
2043 1236 2262 1316 gentis
2289 1245 2592 1318 pertracae

383 1339 544 1412 tum,
564 1353 705 1398 non
722 1335 909 1418 prius
927 1335 1063 1399 vita
1091 1335 1409 1417 privavit,
1432 1353 1635 1417 quam
1651 1335 1890 1400 oculos
1912 1335 2200 1402 infelicis
2221 1344 2272 1375 ¹²
2301 1345 2586 1414 erueret,

382 1442 453 1503 et
478 1425 783 1519 singulas
825 1436 1122 1520 corporis
1165 1442 1413 1519 partes·
1442 1437 1900 1519 confringeret.
1988 1438 2134 1503 Vix
2167 1441 2326 1504 mihi
2353 1440 2590 1504 verisi-

386 1539 577 1604 milia
624 1557 891 1607 narrare
917 1538 1165 1605 videor.
1254 1537 1351 1604 At
1399 1538 1517 1602 ille
1560 1539 1760 1604 etiam
1815 1539 1912 1603 M.
1947 1541 2361 1618 Plaetorium,
2406 1542 2592 1624 quod

388 1641 475 1716 ad
499 1640 649 1724 ejus
670 1647 717 1688 ¹³
764 1639 1179 1722 supplicium
1202 1640 1543 1706 exanimis
1558 1641 1920 1720 ceciderat,
1941 1643 2254 1707 continuo
2283 1644 2378 1707 ibi
2407 1663 2598 1708 maca·

388 1743 603 1811 tavit:
646 1760 867 1810 novus
896 1741 1173 1824 punitor
1200 1741 1723 1822 misericordiae3
1767 1742 1951 1827 apud
1969 1763 2164 1827 quem
2195 1745 2424 1827 iniquo
2455 1747 2597 1810 ani-

391 1863 506 1909 mo
560 1844 785 1914 scelus
830 1842 1099 1921 intueri,
1146 1842 1371 1909 scelus
1398 1849 1452 1891 ¹4
1492 1843 1846 1909 admittere
1894 1843 2044 1910 fuit.
2133 1845 2268 1910 Sed
2304 1854 2600 1912 mortuo·-

390 1966 540 2011 rum
566 1946 825 2010 umbris
855 1945 1096 2010 saltem
1127 1945 1435 2027 pepercit
1453 1947 1485 2010 ‘l
1579 1946 1898 2026 Minime:
1941 1966 2095 2012 nam
2127 1947 2208 2012 O.
2228 1948 2451 2026 Marii,
2480 1969 2598 2015 cu·

383 2045 527 2131 jue,
576 2046 706 2110 etsi
754 2052 998 2129 postea
1052 2045 1285 2122 hostis,
1335 2052 1635 2130 quaestor
1677 2054 1904 2114 tamen
1949 2049 2312 2133 aliquando
2357 2050 2604 2143 fuerat,

398 2153 625 2215 erutos
670 2147 929 2212 cineres
977 2147 1051 2215 in
1096 2147 1383 2214 Anienis
1402 2156 1452 2196 ¹⁵
1499 2149 1764 2217 alveum
1812 2151 2082 2234 sparsit.
2177 2151 2303 2230 En,
2352 2153 2605 2237 quibus

398 2249 576 2314 uotis⁴
604 2248 991 2314 Felicitatis
1026 2269 1396 2334 cognomen
1416 2248 1469 2290 ¹⁶
1488 2259 1511 2286 ⁶
1555 2252 2043 2336 assequendum
2072 2255 2376 2338 putavit!

465 2449 491 2495 Ρ
504 2450 725 2503 Abscisa
744 2451 1017 2503 minema·
1032 2450 1211 2518 capita,
1239 2468 1344 2519 quoe
1362 2452 1618 2517 pristinum
1628 2452 1741 2513 fere
1770 2453 1925 2505 vultus
1953 2453 2169 2510 habitum
2202 2441 2475 2523 retinentia,
2507 2458 2604 2523 spi·

398 2530 507 2567 rnre
523 2518 677 2568 adher
692 2518 991 2569 videbamur.
1566 2522 1569 2529 '

1341 2594 1702 2617 mm

406 2710 457 2758 ε.
477 2708 899 2756 namnetum-em
915 2722 936 2765 ‚-
968 2705 1144 2756 Bitur.
1173 2709 1221 2754 1.
1256 2704 1703 2763 mvimulatmm
1735 2706 1963 2755 nonnulli
1983 2706 2202 2757 Tor-ren.
2230 2710 2576 2761 nomenclamm
2588 2728 2608 2771 ,-

406 2771 553 2832 ἥσω,
574 2771 765 2819 nomina
785 2771 1069 2828 clariorem
1103 2784 1233 2819 unns
1255 2769 1431 2831 etiam,
1448 2771 1850 2832 numum-alarios,
1867 2778 1925 2819 et
1947 2771 2103 2833 alter,
2138 2788 2304 2822 nornen
2328 2774 2607 2828 delatorum.

407 2840 539 2885 -10
572 2836 698 2884 Par.
719 2839 769 2884 2.
803 2834 985 2885 Leidd.
1009 2838 1054 2885 1.
1077 2838 1129 2883 6.
1153 2841 1212 2883 et
1232 2834 1419 2897 Copes.
1439 2833 1789 2897 inexplicabilis
1801 2850 1821 2892 ‚-
1857 2834 2002 2885 Leid.
2023 2840 2074 2885 2.
2095 2837 2412 2902 inexplebilis,
2435 2846 2491 2888 et
2513 2854 2612 2903 pro

406 2913 458 2950 v,
499 2900 535 2949 l.
570 2900 948 2962 inexplicabili„
982 2898 1119 2948 unde
1138 2898 1413 2948 Torrenius
1446 2898 1584 2961 conj.
1613 2899 2063 2961 inexpiabilis—11
2097 2902 2400 2952 Perizonius
2429 2903 2612 2955 timide

408 2964 551 3025 conj.
584 2978 757 3021 vocem,
794 2964 879 3012 vel
914 2965 1081 3023 υίιαηι,
1114 2963 1442 3027 improbante
1482 2964 1712 3026 Kappio.
1779 2964 1976 3013 Omnes
2011 2965 2161 3015 codd.
2185 2968 2412 3016 retinent
2431 2970 2616 3019 vultum

410 3028 523 3075 sine
546 3028 977 3076 mutatione.-·12
1011 3028 1203 3089 Copes.
1227 3027 1417 3089 Ultraj.
1436 3030 1486 3077 2.
1512 3028 1662 3077 Harl.
1685 3028 1807 3078 Par.
1827 3034 1877 3078 2.
1898 3036 1956 3078 et
1979 3029 2083 3080 duo
2107 3029 2258 3081 Leid.
2282 3031 2514 3094 infelices,
2535 3048 2614 3084 sc.

410 3091 735 3141 oculose-13
770 3092 878 3141 Pro
899 3092 1000 3153 &us
1018 3098 1201 3142 contra
1218 3091 1380 3140 libros
1398 3091 1614 3153 Pighius
1631 3106 1695 3141 ex
1721 3093 1830 3141 solo
1853 3094 2049 3143 Canch.
2074 3094 2243 3143 edidit
2261 3096 2432 3159 Marii,
2451 3112 2515 3148 ex
2537 3096 2614 3146 in-

412 3160 844 3219 terpretamento.
894 3157 1013 3205 Duo
1036 3162 1125 3206 aut
1145 3162 1253 3205 tres
1270 3155 1423 3205 codd.
1446 3156 1662 3205 Torren.
1683 3156 1794 3219 quia
1809 3160 1870 3206 ad
1891 3158 2022 3218 qius,-
2056 3159 2217 3209 Barb.
2244 3165 2290 3209 l.
2311 3161 2394 3223 qui
2413 3162 2474 3211 ad
2501 3160 2616 3223 <ins-

413 3224 546 3270 -14
580 3222 771 3285 copes.
816 3221 1011 3270 omittit
1046 3222 1196 3270 scelus
1230 3220 1390 3285 priori
1432 3221 1569 3282 loen,
1611 3221 1867 3283 probante
1910 3222 2330 3273 Perimam—15
2367 3224 2614 3275 Nonnulli

412 3284 569 3336 codd.
598 3287 814 3336 'torrem
836 3286 890 3335 in
908 3284 1212 3337 amnia—16
1250 3285 1425 3335 Felicis
1444 3300 1699 3347 cognomen
1720 3286 1875 3353 Pigh.
1905 3287 2096 3352 Delph.
2117 3289 2293 3339 Vorst.
2312 3290 2398 3339 alii
2418 3308 2430 3340 ε
2452 3290 2615 3351 felici-

1403 3417 1620 3469 NOTAE

480 3529 509 3565 ⁴¹
544 3530 611 3583 In
630 3529 709 3582 M.
725 3528 891 3583 Mario
906 3495 1139 3593 protere]
1169 3529 1343 3581 Aliter
1356 3530 1483 3580 Plu·
1559 3529 1676 3580 lunt
1700 3529 1925 3581 Marium
1949 3530 2112 3581 erutis
2147 3531 2332 3593 oculis,
2365 3528 2619 3596 manibus,

421 3606 653 3657 tarehus.
732 3604 799 3654 1..
834 3605 1079 3668 Catilina,
1099 3606 1481 3671 proscriptione

420 3682 650 3735 nondum
685 3682 920 3744 decreta,
950 3680 1164 3731 fratrem
1197 3696 1315 3731 cum
1346 3682 1483 3732 occi-

422 3760 605 3823 disset,
636 3758 833 3823 Syllam
856 3756 989 3819 adit,
1012 3762 1161 3820 rogat
1183 3762 1243 3805 ut
1263 3756 1483 3807 fratrem

422 3838 571 3903 qnasi
598 3837 903 3887 incolumem
928 3834 1249 3899 proscribatz
1287 3836 1483 3884 morem
1501 3834 1517 3842 “

423 3915 503 3969 ini
525 3914 689 3979 gessit
708 3913 881 3977 Syllam
914 3910 1133 3976 gratiam
1156 3924 1281 3960 vero
1314 3916 1377 3960 ut
1406 3909 1485 3959 illi

426 3989 659 4041 referret
700 3988 949 4051 Catilina,
991 3988 1069 4036 Μ.
1112 3986 1359 4051 Marium,
1396 3986 1487 4050 qui

426 4065 511 4118 bis
532 4066 739 4115 Pmtor
757 4064 951 4128 fueret,
972 4064 1136 4114 virum
1158 4063 1351 4128 populo
1374 4076 1493 4127 gru-

429 4141 683 4195 tissimum
716 4141 989 4205 interficit,
1022 4147 1285 4205 caputque
1317 4138 1492 4190 defert

433 4218 502 4269 ad
520 4218 715 4283 Syllam
734 4220 788 4269 in
822 4218 937 4270 foro
960 4220 1257 4271 sedentem=
1294 4218 1383 4269 alii
1405 4232 1494 4267 vo·

564 4299 743 4366 Delph.
757 4307 806 4351 et
826 4301 945 4353 Var.
970 4300 1100 4351 Clas.

1408 4298 1515 4349 Val.
1539 4298 1686 4350 Max.

1560 3604 1903 3671 cruribusque
1925 3606 2152 3657 desectis
2176 3606 2489 3671 aliquamdiu
2511 3621 2620 3655 ser-

1561 3688 1758 3745 vatum,
1789 3688 1848 3731 ut
1869 3697 1963 3746 per
1987 3683 2184 3746 singula
2205 3681 2434 3729 membra
2455 3696 2621 3729 more-

1562 3764 1740 3807 retur:
1776 3758 1912 3821 quod
1934 3758 2115 3808 Cicero
2137 3758 2188 3806 iu
2214 3757 2469 3821 petitione
2487 3756 2622 3805 Con-

1565 3833 1762 3882 sulatus
1785 3840 1964 3882 narrat
1983 3831 2234 3896 pluribus.
2293 3890 2304 3903 .

1633 3915 1656 3942 ⁰
1693 3908 1954 3958 Felicitatis
1987 3907 2262 3970 cognomen]
2295 3905 2620 3969 Reipublicae

1566 3990 1714 4035 certe
1737 3984 1805 4035 ob
1825 3985 2034 4035 nimiam
2057 3984 2420 4033 crudelitatem
2443 3982 2625 4033 infelix

1568 4060 1707 4111 fuit:
1740 4061 1883 4111 unde
1921 4061 2006 4109 ille
2029 4059 2350 4109 versiculus:
2385 4060 2402 4086 ‘
2428 4059 2626 4124 Aspice

1570 4138 1928 4203 felicem-sibi,
1962 4152 2062 4187 non
2085 4136 2212 4203 tibi,x
2236 4138 2474 4203 Romule,
2513 4138 2626 4203 Syl-

1570 4217 1714 4266 lam!
2574 4232 2580 4239 ·
2621 4228 2625 4233 ·

2381 4298 2410 4342 3
2447 4294 2497 4343 G
