3144 4925
557 413 706 484 530.
1158 426 1474 478 vanann
1527 427 1818 478 Maxim
1862 428 2015 480 mn.
2062 431 2129 476 v.

563 573 898 640 nationem
940 573 1154 658 patris
1177 572 1439 657 iunxit.
1523 570 1646 650 At,
1676 573 1941 657 inquit,⁹
1983 575 2218 641 serario
2238 635 2243 640 .
2262 576 2515 642 abesse.
2556 577 2765 644 tribu·-

563 695 694 752 nus
735 677 955 760 plebis
999 676 1398 760 querebatur
1443 675 1843 758 quindecim·
1873 675 2087 740 millia
2130 678 2322 743 aeris:
2368 679 2537 743 tanti
2574 699 2765 742 nam*

564 797 698 860 que
742 799 948 862 poena
987 778 1176 844 finita
1217 766 1362 846 est-4
1451 777 1806 860 Indignam
1856 797 2209 858 summam,
2240 786 2511 863 propter
2554 798 2759 864 quam

562 880 862 962 populus
921 878 1273 948 Romanus
1330 879 1455 944 tali
1513 879 1822 962 principe
1891 887 2167 946 careret.
2254 880 2485 946 Priore
2542 881 2759 946 adhuc

565 983 838 1064 querela
867 983 1186 1059 vibrante,
1212 983 1348 1045 alia
1378 982 1699 1064 deinceps
1726 983 2077 1065 exsurgit.⁸
2122 1016 2127 1022 ·
2163 981 2523 1048 Africanus
2555 977 2758 1065 supe-

561 1084 718 1160 rior,
745 1103 884 1148 non
915 1085 1129 1147 solum
1157 1090 1502 1148 contusam
1527 1092 1579 1121 ¹⁰
1622 1089 1693 1148 et
1720 1083 2129 1148 confractam
2175 1084 2333 1148 belli
2376 1083 2631 1148 Punici
2652 1103 2757 1146 ar-

561 1186 692 1253 mis
726 1185 1268 1267 Rempublicam,
1299 1184 1420 1249 sed
1441 1204 1634 1268 paene
1668 1184 1814 1268 jam
1855 1203 2285 1271 exsanguem,
2316 1189 2517 1268 atque
2564 1185 2761 1250 mori-

563 1291 804 1364 entem,
863 1286 1293 1370 Carthaginis
1315 1297 1361 1326 ¹¹
1396 1287 1734 1352 dominam
1774 1285 2103 1352 reddidit:
2148 1286 2346 1369 cujus
2387 1286 2761 1352 clarissima

563 1407 765 1471 opera
813 1389 1076 1473 injuriis
1119 1389 1467 1473 pensando
1497 1390 1681 1454 cives
1705 1395 1755 1426 ¹²
1800 1383 2113 1470 ignobilis
2146 1409 2293 1454 eum
2340 1408 2420 1453 ac
2465 1389 2749 1454 desertae

560 1490 834 1572 paludis
858 1493 1166 1558 accolam
1193 1494 1524 1557 fecerunt:
1571 1491 1856 1575 ejusque
1886 1491 2241 1556 voluntarii
2262 1498 2308 1537 ¹³
2355 1490 2545 1554 exilii
2574 1509 2760 1555 acer.-

560 1590 842 1656 bitatem
871 1614 1004 1659 non
1031 1595 1281 1661 tacitus
1325 1594 1410 1658 ad
1454 1594 1720 1660 Inferos
1750 1594 1921 1671 tulit,
1951 1594 2261 1678 sepulcro
2283 1593 2713 1660 ‚suo'inscribi
2731 1604 2761 1632 ι·

549 1690 890 1774 jubendo:
962 1711 1325 1760 meRA‘rA.
1371 1695 1720 1760 mirumst
1783 1713 1907 1760 Na.
1954 1710 2157 1758 OSSA.
2204 1710 2527 1771 omnnia.
2576 1711 2758 1760 Man.

561 1809 860 1864 HABES-r
947 1793 1153 1873 Quod
1187 1797 1319 1860 ista
1349 1801 1470 1860 aut
1497 1797 1913 1862 necessitate
1952 1794 2312 1877 indignius,
2343 1799 2461 1858 aut
2484 1799 2760 1878 querela

554 1893 834 1977 justius,
864 1902 982 1961 aut
1016 1897 1269 1964 ultione
1297 1897 1705 1964 moderatius
1722 1899 1752 1960 ‘i
1840 1895 2121 1960 Cineres
2166 1896 2231 1960 ei
2260 1915 2417 1960 suos
2458 1899 2757 1979 negavit,

669 2111 844 2196 Priore
863 2147 951 2197 hac
967 2147 1315 2210 ingratitudine
1335 2149 1540 2198 nondum
1556 2148 1747 2212 penitus
1763 2148 2031 2212 obliterata,
2051 2147 2147 2198 ulia
2161 2147 2307 2197 etiam
2334 2147 2624 2198 admittitur.

1477 2305 1832 2329 W

559 2422 690 2473 dem.-
723 2421 872 2473 Harl.
896 2421 1093 2475 Medic.
1117 2427 1163 2474 1.
1185 2430 1241 2475 et
1274 2423 1478 2491 Gryph.
1509 2427 1921 2477 allevandae-9
1956 2424 2155 2488 Lipsius
2190 2421 2322 2487 legit
2358 2415 2765 2485 inquis‚-impro·“·

556 2486 714 2536 hante
733 2488 973 2551 Kappi03
1005 2489 1226 2551 inquiunt
1248 2490 1445 2539 Medic.
1468 2494 1516 2541 1.
1535 2492 1691 2555 inquit
1726 2505 1903 2541 omnes
1940 2490 2027 2539 alii
2058 2488 2210 2538 codd.
2249 2496 2305 2536 et
2337 2487 2455 2536 edd.
2493 2490 2754 2535 vem—10

553 2550 741 2601 Leidd.
763 2557 812 2601 2.
836 2557 884 2603 6.
917 2558 1327 2603 concussam—11
1379 2554 1593 2617 Pighius
1635 2555 1687 2603 in
1728 2556 1928 2603 duobus
1964 2553 2120 2602 codd.
2160 2552 2360 2615 reperit
2395 2550 2618 2610 Africoe,·
2661 2550 2755 2598 sed

555 2629 735 2665 omnes
770 2616 860 2665 alii
895 2616 1046 2665 codd.
1079 2624 1135 2667 et
1174 2616 1296 2668 edd.
1336 2623 1458 2667 ante
1495 2618 1737 2681 Pighium
1760 2620 1954 2667 habent
1978 2617 2305 2678 Carthaginis,
2326 2615 2465 2679 qnod
2486 2614 2757 2665 revocavit

555 2678 945 2730 vontinse-12
976 2680 1092 2731 ‘Sic
1133 2682 1315 2743 Camp.
1355 2683 1549 2732 Canch.
1597 2683 1711 2733 Col.
1750 2681 1938 2732 Atreb.
1973 2697 2103 2731 unns
2138 2680 2332 2731 Brand.
2357 2680 2492 2729 Ultr.
2517 2678 2667 2741 prim.
2697 2687 2757 2729 et

552 2740 701 2794 Leid.
739 2750 908 2807 quart.
928 2745 1066 2808 qnod
1089 2752 1145 2794 et
1168 2746 1473 2795 Perizonius
1507 2746 1769 2810 probavit.
1800 2748 1895 2796 vici
1918 2746 2177 2795 Winckel.
2203 2760 2330 2795 unus
2352 2743 2549 2792 Brand.
2581 2742 2755 2792 Periz-

554 2812 609 2857 οἱ
632 2808 686 2857 in
707 2808 938 2873 margine
962 2810 1071 2859 Bit.
1097 2810 1246 2872 prim.
1270 2816 1326 2858 et
1347 2810 1495 2859 Leid.
1518 2816 1568 2860 7.
1591 2811 1731 2876 quod
1757 2810 1869 2860 sine
1892 2810 2052 2860 dubio
2090 2825 2120 2858 e
2164 2809 2340 2872 glossa
2371 2807 2607 2856 additum
2640 2811 2757 2855 est:

551 2872 676 2921 cives
696 2873 794 2923 vici
815 2873 1045 2937 Pighius,
1070 2889 1221 2938 quem
1260 2874 1432 2924 Coler.
1468 2876 1624 2938 Thya.
1660 2876 1849 2937 Delpb.
1888 2873 1976 2923 alii
1998 2874 2164 2923 secuti
2190 2880 2347 2923 sunt:
2387 2872 2602 2921 civitatis
2621 2869 2747 2919 Vet.

551 2934 710 2985 Aldd.
743 2943 798 2987 et
821 2938 949 3003 pleri
989 2953 1054 2987 ue
1077 2938 1230 2989 codd.
1253 2939 1470 2989 Torren.
1495 2941 1619 3004 quia
1643 2940 1709 2988 ad
1732 2940 1958 3001 ignobilis
1981 2936 2301 2999 referebant,
2325 2936 2461 3001 quod
2488 2949 2613 2985 vero
2633 2948 2753 2983 cum

543 3001 736 3062 paludis
756 3008 965 3051 constru
1010 3001 1191 3052 debet.
1255 3002 1506 3066 Ignobilis
1526 3019 1589 3053 ac
1622 3004 1831 3053 deserta
1872 3004 2018 3067 palus
2056 3007 2142 3050 est
2178 3001 2469 3063 Liternum,
2502 2998 2753 3061 oppidum

554 3062 871 3127 Campaniae.
935 3066 1090 3116 Silius
1113 3067 1232 3117 Ital.
1257 3080 1337 3116 vt.
1362 3071 1477 3118 653.
1517 3067 1533 3096 ‘
1551 3069 1781 3129 stagnosi
1817 3066 2050 3117 Literni.’
2085 3066 2253 3114 Recte
2279 3080 2406 3128 ergo
2428 3064 2550 3112 mihi
2570 3062 2749 3111 videor

549 3126 774 3177 edidisse
795 3146 808 3177 ε
845 3129 969 3179 cives
989 3131 1208 3191 ignobilis
1229 3144 1334 3177 eum
1355 3145 1410 3178 ac
1432 3133 1629 3179 deserta
1649 3133 1835 3193 paludis
1853 3128 2088 3186 accolam:
2106 3132 2189 3193 dfe.
2226 3130 2533 3191 Kapp.-13
2558 3127 2631 3176 Co
2670 3140 2748 3177 es.

548 3188 719 3241 Bitur.
743 3197 789 3241 1.
809 3197 858 3242 2.
886 3190 1040 3243 Barb.
1067 3198 1112 3244 1.
1129 3197 1177 3243 2.
1201 3193 1395 3243 Medic.
1421 3199 1467 3243 1.
1489 3204 1544 3243 et
1566 3195 1715 3245 Leid.
1736 3198 1784 3246 2.
1820 3195 2149 3245 voluntariam.
2212 3194 2341 3243 Mox
2365 3193 2504 3243 idem
2526 3192 2617 3255 Lei
2660 3224 2675 3239 .
2698 3194 2755 3251 2.

549 3256 766 3307 tacitam.
800 3255 946 3305 Leid.
971 3260 1019 3305 1.
1042 3257 1188 3308 scribi
1204 3256 1413 3317 jubendo
1429 3276 1450 3317 ,-
1484 3258 1634 3308 Leid.
1660 3263 1713 3308 7.
1732 3273 1763 3308 a
1785 3275 1854 3308 m.
1890 3274 1969 3323 pr.
2000 3258 2265 3308 inscribens
2304 3272 2399 3320 pro
2436 3254 2636 3306 inscribi
2664 3253 2751 3315 ju-

1546 3410 1762 3461 NOTAE

515 3504 520 3507 Ι
615 3528 638 3575 t
676 3520 774 3571 An.
799 3521 874 3571 M.
895 3526 1040 3575 3664.
1072 3523 1159 3574 01.
1183 3526 1266 3573 97.
1289 3528 1338 3573 3.
1388 3523 1520 3573 Urb.
1544 3524 1606 3573 C.
1690 3530 1744 3573 to
1769 3530 1920 3572 extra
1943 3531 2149 3586 portam
2194 3522 2459 3584 Capenam
2505 3525 2614 3591 tres
2650 3522 2753 3567 sta·

549 3600 663 3647 363.
717 3596 844 3647 Ant.
870 3598 960 3647 Ch.
983 3602 1096 3650 389.
1691 3606 1789 3647 tuoe
1811 3614 1827 3657 ;
1863 3598 1980 3647 duae
2000 3598 2063 3647 P.
2087 3604 2142 3647 et
2177 3598 2236 3648 L.
2253 3596 2568 3659 Scipionum,
2593 3595 2751 3647 tertia

643 3679 666 3705 ⁰
696 3672 920 3737 Sepulcro
972 3689 1055 3724 suo
1109 3674 1328 3737 inscribi]
1393 3674 1498 3724 Ubi
1553 3683 1611 3725 et
1686 3672 1869 3723 Poetae
1904 3674 1971 3725 Q.
1991 3672 2164 3725 Ennii.

549 3740 754 3813 qnando
796 3748 970 3814 Scipio
1015 3748 1290 3800 Africanus
1344 3750 1512 3812 major
1552 3758 1609 3800 et
1749 3748 1775 3782 ‘²
1798 3750 2004 3812 Ingrata
2020 3748 2205 3813 putria]
2231 3747 2351 3797 Non
2371 3744 2535 3795 omnis
2555 3752 2749 3806 tamen,

549 3833 804 3889 mortun-⁹0,
823 3832 879 3875 et
901 3827 1070 3875 elatus
1091 3826 1176 3888 sit,
1197 3826 1333 3874 sicut
1354 3824 1605 3889 pleraque
1688 3825 1781 3874 sed
1805 3824 1951 3889 plebs
1975 3826 2085 3875 sola
2107 3841 2121 3873 ε
2158 3820 2277 3872 nam
2300 3823 2483 3885 gratiae
2508 3822 2750 3882 ingentes

545 3901 663 3964 alia,
702 3916 881 3964 parum
923 3902 1061 3950 inter
1091 3906 1329 3950 auctores
1365 3907 1602 3951 constatt
1685 3900 1752 3949 ab
1778 3902 2019 3951 universo
2042 3902 2240 3951 Senatu
2272 3898 2358 3950 Ti.
2384 3897 2625 3947 Graccho
2662 3909 2749 3943 ac·

546 3974 634 4023 alii
659 3976 859 4039 Rornae,
895 3976 982 4027 alii
1014 3975 1216 4026 Literni
1251 3983 1307 4026 et
1345 3983 1603 4026 mortuum
1686 3982 1756 4025 tae
1772 3977 2060 4041 sunt,quod
2073 3975 2371 4039 Scipionum
2389 3971 2746 4022 defensionem

547 4054 604 4097 et
625 4054 901 4113 sepultum.
961 4052 1252 4117 Utrobique
1274 4058 1607 4103 monumenta
1686 4054 2017 4117 suscepisset.
2674 4050 2679 4057 '

548 4130 720 4185 erant,
757 4133 813 4175 et
850 4134 1061 4191 statuae,
1103 4144 1219 4194 quoe
1254 4135 1362 4178 tum
1386 4129 1604 4193 Literni,
1636 4134 1663 4144 ⁶
1751 4135 1775 4188 ss
1817 4129 1920 4179 An.
1955 4129 2032 4177 M.
2064 4130 2211 4177 3867.
2263 4126 2350 4177 Ol.
2375 4128 2487 4199 148.
2508 4127 2556 4174 2.
2612 4121 2745 4171 Urb.

545 4204 655 4249 tum
679 4200 854 4250 Romae
875 4217 930 4252 se
954 4204 1138 4254 vidisse
1163 4213 1385 4255 testatur
1407 4206 1601 4257 Livius,
1685 4206 1744 4256 C.
1770 4209 1883 4255 566.
1940 4203 2069 4255 Ant.
2092 4205 2186 4255 Ch.
2211 4207 2324 4252 186.

547 4276 710 4329 Erant
730 4277 909 4328 Romoe
924 4277 977 4327 in
992 4278 1288 4341 Scipionum
1310 4294 1605 4329 monumen-
