3144 4925
589 331 720 396 562
1180 344 1503 394 vunnim
1553 343 1845 392 MAxnu
1894 343 2037 392 Lm.
2085 343 2153 392 v·

589 493 658 556 in
683 490 910 572 capite
940 486 1090 570 ejus
1113 487 1342 552 subito
1370 487 1582 550 veluti
1624 505 1875 550 cornua
1894 486 1921 523 ‘¹
1965 490 2355 569 erepserunt
2378 493 2467 550 :¹⁴
2505 505 2791 572 respon-

589 608 868 673 sumque
913 593 1014 652 est
1041 593 1062 622 ‘
1083 607 1302 670 regem
1354 607 1509 651 eum
1530 595 1578 632 ¹⁵
1622 587 1791 664 fore,
1836 588 1894 650 si
1941 587 2011 650 in
2064 586 2311 652 Urbem
2363 589 2790 654 revertisset?

592 689 801 768 Quod
831 710 914 754 ne
958 690 1314 766 accideret,
1344 688 1786 768 voluntarium
1832 689 2103 752 sibimet
2146 708 2228 752 ac
2264 696 2661 772 perpetuum
2691 690 2791 753 in-

589 791 770 854 dixit
811 789 1132 855 exilium.⁸.
1223 790 1511 870 Dignam
1557 789 1894 870 pietatem,
1926 809 2102 870 quoe,
2135 791 2318 872 quod
2366 789 2452 854 ad
2500 791 2789 856 solidam

591 890 876 972 gloriam
917 889 1182 967 attinet,
1209 896 1466 972 septem
1511 889 1774 968 regibus
1818 888 2296 969 praeferatur.¹⁶
2386 890 2603 974 Cujus
2648 897 2787 954 tes-

589 992 816 1055 tandae
844 990 939 1054 rei
968 991 1181 1072 gratia
1207 990 1452 1072 capitis
1483 987 1731 1068 effigies
1760 1007 1950 1052 aereae
1972 996 2022 1036 ¹⁷
2050 995 2291 1070 portae,
2314 1009 2451 1072 qua
2476 1009 2789 1056 excesse-

587 1099 720 1168 rat,
751 1091 1015 1155 inclusa
1065 1097 1209 1153 est:
1261 1089 1581 1172 dictaque
1612 1085 2193 1168 Raudusculana,f
2226 1089 2407 1174 quod
2446 1091 2607 1156 olim
2648 1110 2789 1156 aera

584 1190 868 1256 raudera
891 1189 1326 1253 dicebantur.‡
2048 1248 2053 1256 ,

673 1295 738 1355 4.
784 1291 1132 1356 Genucius
1160 1290 1382 1354 laudis
1413 1288 1638 1372 hujus,
1670 1307 1807 1370 qua
1850 1290 2065 1373 major
2110 1292 2482 1376 excogitari
2511 1293 2633 1356 vix
2662 1311 2783 1376 po-

587 1392 800 1472 test,¹⁸
843 1392 1340 1457 successionem
1383 1391 1570 1455 AElio
1629 1392 1904 1474 praetori
1962 1393 2255 1458 tradidit.
2340 1394 2475 1458 Cui
2520 1394 2637 1477 jus
2688 1393 2787 1458 di-

1813 1554 1877 1574 ‘O

589 1661 719 1707 vett.
747 1648 944 1707 Genitio
970 1657 1268 1718 (Σίμμα-14
1300 1653 1388 1703 Sic
1424 1655 1647 1703 maxima
1679 1663 1734 1703 et
1756 1659 1865 1718 opt.
1889 1667 2012 1717 pars
2046 1654 2197 1705 codd.
2217 1669 2331 1704 cum
2349 1655 2494 1718 Mog.
2518 1653 2601 1702 alii
2624 1669 2788 1717 erupe-

587 1727 717 1782 runt,
753 1722 862 1770 sive
883 1724 1202 1770 emerserunt.-
1235 1719 1441 1781 Lipsius
1475 1719 1526 1766 iu
1565 1731 1657 1766 suo
1689 1719 1888 1767 invenit
1924 1725 2192 1781 erexerunt,
2226 1721 2303 1768 uti
2337 1719 2532 1768 babent
2571 1719 2783 1768 Leid.2.

591 1786 778 1846 Copes.
819 1792 875 1834 et
897 1785 1022 1833 Vct.
1055 1787 1070 1812 ‘
1091 1783 1243 1831 Licet
1279 1783 1538 1846 hucusque
1570 1782 1693 1831 inde
1728 1783 1793 1832 ab
1833 1781 1968 1830 Aldo
1991 1781 2187 1831 editum
2206 1783 2276 1831 sit
2297 1787 2602 1844 emerserunt,
2625 1783 2785 1832 malui

589 1855 762 1898 tannen
779 1863 833 1898 se
872 1847 923 1896 ui
941 1849 1114 1911 plures
1134 1860 1328 1910 eosque
1355 1847 1594 1895 meliores
1613 1846 1765 1894 codd.
1801 1853 1857 1894 et
1880 1846 2034 1894 edere
2058 1852 2345 1910 crepserunt.
2388 1847 2485 1897 Cui
2509 1847 2603 1894 hoc
2620 1847 2788 1894 minus

588 1914 784 1975 placet,
806 1913 848 1960 is
882 1918 1003 1974 egat
1023 1909 1341 1960 emerserunt!
1378 1911 1553 1974 Knpp.
1623 1911 1795 1958 Bitur.
1821 1916 1869 1960 1.
1883 1914 2163 1971 maereat,-
2186 1911 2379 1960 Medic.
2401 1915 2448 1960 2.
2471 1915 2787 1972 erumperunt.

585 1982 714 2023 -16
750 1975 949 2024 Medic.
974 1979 1020 2024 1.
1043 1973 1185 2022 delet
1220 1989 1342 2034 eum,
1367 1973 1504 2037 quod
1529 1988 1631 2022 non
1655 1974 1918 2036 improbat
1938 1975 2367 2023 Torrenius.—16
2401 1975 2553 2024 Leid.
2578 1977 2624 2023 1.
2661 1989 2788 2036 prae·

574 2039 772 2098 feratur
789 2038 980 2100 glorioe,
1020 2052 1085 2086 ex
1109 2038 1281 2099 glossa
1303 2044 1458 2100 putat
1481 2037 1619 2086 idem
1657 2039 2003 2087 Turrem—1⁷
2039 2038 2055 2065 ‘
2074 2038 2264 2089 Cauch.
2300 2039 2480 2102 Camp.
2519 2038 2690 2087 Periz.
2731 2043 2789 2088 et

589 2103 734 2152 Leid.
779 2103 946 2166 quint.
987 2108 1144 2166 atque
1169 2100 1515 2150 Chalcocond.
1544 2112 1691 2163 oerea,
1728 2103 1839 2151 scil.
1863 2100 2075 2164 effigies.
2141 2102 2329 2166 Sicque
2368 2102 2535 2150 edidit
2569 2101 2785 2164 Pighius

587 2180 702 2214 cum
734 2167 847 2214 aliis
878 2171 1000 2228 post
1020 2179 1137 2213 eum
1161 2163 1462 2213 editoribus.
1529 2164 1606 2214 At
1637 2164 1799 2214 ceteri
1822 2165 1955 2214 Mss.
1978 2165 2099 2214 Vct.
2117 2164 2237 2215 Ald.
2261 2166 2474 2230 aliaeque
2495 2181 2647 2226 oereoe,
2670 2167 2786 2214 scil.

585 2237 775 2292 portae,
810 2229 947 2294 quod
985 2230 1141 2278 etiam
1175 2227 1455 2277 Torrenius
1492 2228 1701 2292 probat.
1767 2230 1907 2292 Ergo
1938 2243 2075 2278 oereoe
2095 2230 2358 2278 revocavi.
2404 2230 2617 2279 Colerus
2640 2231 2788 2279 malit

583 2298 766 2342 oeratoe.
832 2293 1109 2342 Enimvero
1121 2307 1260 2341 oereoe
1282 2307 1375 2354 pro
1399 2299 1597 2355 aeretae,
1617 2294 1697 2342 vel
1724 2307 1828 2341 aere
1845 2294 2036 2342 vinctae
2060 2308 2091 2342 a
2116 2293 2324 2342 Valerio
2338 2293 2534 2342 dictum
2558 2293 2787 2354 videtur,

587 2364 647 2405 ut
661 2371 799 2418 saepe
822 2371 991 2405 aureus
1013 2371 1110 2420 pro
1133 2363 1339 2405 auratus
1361 2357 1500 2419 apud
1522 2358 1748 2407 Veteres
1786 2358 2089 2419 scriptores.
2126 2357 2231 2406 vid.
2267 2358 2484 2408 Sueten.
2523 2357 2661 2420 Aug.
2684 2357 2785 2406 52!

585 2421 750 2486 Kapp.
817 2422 945 2471 Mox
963 2436 1058 2485 pro
1083 2421 1450 2471 Rauda-sculum
1476 2421 1634 2471 codd.
1658 2421 1927 2482 exhibent,
1950 2421 2293 2483 Roduscutona,
2315 2421 2662 2483 limitandum,
2686 2422 2783 2471 Ro-

586 2488 856 2547 (luceolum,
893 2487 1268 2547 Rauduscolona,
1303 2487 1657 2535 Rudusculana.
1726 2486 1934 2534 Deinde
1976 2488 2101 2548 quod
2143 2487 2197 2535 iu
2242 2486 2589 2549 compluribus
2633 2486 2788 2536 deest

585 2551 736 2600 codd.
759 2551 848 2613 qui
887 2552 1044 2599 etiam
1084 2548 1194 2598 fere
1229 2564 1404 2598 omnes
1441 2549 1686 2597 dicebatur
1719 2549 1997 2599 exhibente
2032 2550 2182 2599 multi
2201 2550 2315 2599 olim
2335 2553 2598 2608 erandera5
2633 2550 2787 2601 Harl.

584 2614 696 2661 olim
715 2615 989 2663 earundem
1006 2629 1026 2671 ,·
1060 2614 1231 2662 Bitur.
1254 2618 1301 2662 l.
1334 2613 1447 2662 olim
1466 2627 1553 2661 ara
1575 2614 1780 2661 raudera
1800 2628 1819 2670 ,-
1852 2613 2011 2663 Barb.
2037 2618 2083 2663 1.
2120 2616 2232 2663 olim
2252 2616 2493 2663 oerandera
2507 2631 2527 2671 ,-
2564 2614 2709 2664 Leid.
2728 2620 2781 2665 5.

586 2678 699 2726 olim
738 2676 1042 2737 Hermam-a,
1087 2684 1142 2725 et
1179 2691 1271 2739 pro
1301 2691 1351 2725 v,
1374 2678 1410 2725 l.
1452 2676 1777 2733 Hexandera5
1809 2677 2001 2740 Vulgg.
2041 2685 2162 2727 ante
2198 2678 2347 2741 Pigh.
2372 2678 2484 2726 olim
2505 2680 2655 2727 raude
2682 2693 2781 2727 oera

584 2741 860 2791 dicebantur
874 2756 894 2797 ,⁰
925 2741 1069 2803 Mog.
1089 2741 1202 2789 olim
1222 2745 1378 2789 autem
1415 2740 1678 2789 Erat-idem
1700 2741 1940 2790 dicebatur
1958 2757 1979 2798 ,-
2012 2741 2203 2791 Venet.
2230 2746 2279 2793 4.
2310 2742 2529 2804 dictaque
2561 2742 2781 2791 Raudus-

583 2807 768 2867 culam,
797 2806 910 2853 olim
940 2806 1162 2853 raudoera
1195 2804 1471 2861 dicebatur-3
1505 2804 1726 2853 Ascens.
1757 2807 1880 2866 quod
1921 2806 2035 2853 olim
2072 2808 2223 2855 raudo
2264 2820 2353 2854 ara
2389 2806 2784 2855 &echelum—18

583 2870 719 2919 Haec
742 2868 932 2917 verba:
973 2884 1064 2931 qua
1083 2868 1231 2927 maior
1266 2870 1528 2929 excogitari
1561 2870 1649 2917 vix
1676 2873 1849 2931 potest,
1873 2868 2186 2919 omittuntur
2204 2869 2257 2917 in
2282 2882 2374 2917 sex
2397 2869 2546 2919 codd.
2566 2871 2780 2920 Torren.

583 2938 782 2996 septem
806 2934 912 2993 alii,
931 2932 986 2981 in
1016 2933 1198 2997 quibus
1222 2932 1477 2995 Ultrnj..,l.
1503 2939 1559 2980 et
1579 2932 1959 2982 Perizon.·cum
1979 2933 2102 2982 Vet.
2122 2948 2260 2995 quam
2290 2934 2489 2982 aliorum
2512 2934 2781 2996 excogitari

580 2997 668 3045 vix
685 3002 875 3058 μυηθῇ·
909 2997 1016 3059 alii,
1045 3012 1138 3058 qua
1158 2996 1362 3044 aliorum
1395 2996 1660 3057 excogitari
1690 2996 1775 3043 vix
1808 3001 1991 3058 potam
2028 2997 2165 3045 unde
2198 2996 2473 3045 Torrenius
2508 2998 2640 3061 conj.
2684 2994 2779 3059 ’ᾳιω

585 3060 734 3119 mnjor
754 3061 954 3108 aliorum
974 3076 1016 3108 e.
1037 3075 1081 3109 υ.
1101 3075 1152 3122 ρ.
1177 3061 1267 3107 sed
1310 3060 1446 3107 idem
1481 3065 1679 3121 monet,
1720 3074 1822 3108 non
1864 3074 1992 3121 opus
2033 3075 2143 3109 esse
2180 3060 2484 3110 mutatione.
2554 3061 2781 3111 Genium

581 3124 732 3172 laudis
753 3125 893 3185 hujus
911 3124 1240 3173 successionem
1263 3123 1315 3170 in
1339 3122 1462 3171 edd.
1477 3122 1709 3186 plurimis
1734 3131 1857 3173 ante
1876 3124 2030 3188 Pigh.
2095 3124 2223 3174 Mox
2246 3124 2398 3176 codd.
2415 3139 2578 3189 prope
2601 3140 2777 3175 omnes

1572 3282 1624 3333 N
1629 3282 1785 3333 0¹1⁸AE

645 3403 669 3437 ‘¹
710 3406 872 3455 Veluti
911 3406 1108 3469 cornua]
1161 3408 1368 3457 Cornua
1409 3407 1634 3458 Genucii
1716 3409 1733 3437 ‘
1758 3410 1919 3459 rudus
1937 3410 1973 3459 ι’
2008 3410 2229 3459 Varroni
2261 3423 2387 3459 vero
2424 3416 2482 3459 et
2520 3410 2675 3460 Festo
2698 3425 2772 3461 ωε

576 3480 712 3529 hand
734 3496 883 3530 secus
917 3496 981 3531 ac
1013 3481 1280 3538 Actaeonis
1299 3482 1535 3533 fabulosa
1555 3483 1633 3531 fu·
1712 3498 1864 3533 omne
1887 3486 1904 3513 ‘
1924 3484 2157 3546 raudus,'
2178 3487 2263 3534 vel
2297 3486 2313 3513 ‘
2329 3485 2529 3535 rudusx’
2560 3488 2775 3536 nonnul·

575 3556 676 3606 ine
695 3557 857 3605 tradit
879 3558 1080 3607 Plinius
1104 3557 1192 3607 lib.
1214 3572 1294 3608 ιι.
1320 3573 1366 3609 c.
1388 3563 1469 3610 37.
1714 3558 1751 3607 li
1794 3559 1977 3623 legunt
2015 3560 2067 3609 in
2111 3561 2324 3611 Valerio
2363 3564 2551 3619 τααάας
2591 3562 2773 3612 melius

646 3639 669 3664 θ
704 3633 1034 3682 Velinum-ium
1069 3632 1253 3682 sibimet
1275 3633 1496 3697 exilium]
1531 3634 1631 3683 Vo-
1714 3642 1881 3686 tamen
1924 3641 2099 3687 rudera
2136 3638 2338 3702 legeris.
2416 3640 2505 3688 Sic
2529 3639 2665 3687 enim
2699 3639 2774 3687 di·

577 3714 694 3757 cato
715 3715 868 3758 extra
887 3715 1066 3773 portas
1087 3708 1280 3757 Senatu
1303 3710 1368 3757 de
1398 3709 1632 3773 prodigio
1714 3710 1968 3760 cebautur
1999 3711 2170 3763 frusta
2214 3713 2353 3776 aeris,
2388 3728 2528 3763 asses
2550 3721 2606 3763 et
2626 3726 2771 3763 num-

577 3784 786 3843 retulit3
822 3798 885 3833 ac
929 3798 995 3832 ne
1042 3784 1162 3847 qnid
1195 3784 1494 3833 detrimenti
1519 3783 1632 3834 fato
1713 3787 1782 3835 mi
1820 3788 1967 3850 aerel,
2007 3796 2065 3838 ut
2110 3804 2175 3838 ex
2210 3789 2359 3838 Livio
2402 3796 2567 3853 petet.
2636 3790 2769 3840 Hoec

577 3872 669 3907 suo
715 3857 1031 3923 Respublica
1082 3860 1364 3922 acciperet,
1419 3860 1631 3908 decerni
1713 3871 1871 3925 porta
1914 3865 2210 3929 appellatur
2251 3881 2282 3914 a
2316 3865 2557 3916 Varrone
2605 3866 2773 3917 ‘Rau-

575 3934 672 3982 sibi
708 3937 871 3984 voluit
900 3936 1111 3984 exilium
1132 3952 1146 3985 ε
1182 3950 1307 3999 ager
1327 3935 1402 3983 illi
1425 3936 1632 3985 honoris
1711 3938 1960 4003 duscula‚'
1984 3955 2017 3989 a
2037 3942 2195 3989 Festo
2215 3940 2231 3967 ‘
2249 3941 2681 3991 Raudusculana.'

579 4024 733 4057 cauea
749 4024 814 4058 ex
833 4010 1040 4073 publico
1063 4012 1234 4061 datus.
1776 4021 1799 4073 τ
1834 4015 1932 4065 An.
1961 4016 2035 4064 M.
2057 4019 2203 4065 3816.
2228 4015 2314 4065 01.
2342 4020 2451 4067 135.
2479 4022 2528 4068 3.
2554 4017 2679 4067 Urb.
2703 4019 2767 4067 C.

640 4080 660 4113 ¹
701 4084 1083 4147 Reuduculana]
1137 4086 1224 4135 AEs
1264 4086 1393 4134 rude
1436 4086 1628 4136 dicitur
1708 4095 1820 4140 515.
1850 4090 1973 4141 Ant.
1996 4092 2226 4142 Chasa

577 4156 774 4221 Cincio,
796 4157 1158 4209 ‘rudusculum
1178 4162 1212 4223 ς’
1246 4176 1315 4210 aes
1350 4161 1623 4212 conflatum
