3144 4925
593 355 728 421 484

600 516 689 580 ab
748 511 1036 576 Octavio
1055 519 1108 562 ³⁹
1173 510 1444 575 consule
1463 517 1490 546 ¹²
1564 507 1933 572 Placentiae
1953 515 1981 543 ⁰
2051 503 2453 588 praepositus
2514 501 2816 567 Caelius„

601 615 763 694 Qua
792 634 834 678 a
866 614 1170 679 Cinnano
1186 621 1245 660 40
1288 612 1594 680 exercitu
1626 617 1855 695 capta,
1902 615 1975 672 et
2016 607 2236 672 senior
2263 604 2431 688 jam,
2480 610 2550 667 et
2604 605 2792 686 gravi

598 714 984 779 valetudine
1015 712 1325 788 affectus,
1363 731 1446 776 ne
1474 711 1546 774 in
1577 715 1987 794 potestatem
2030 707 2329 770 hostium
2376 705 2652 781 veniret,
2674 713 2683 722 ‘
2703 703 2795 768 ad

601 815 927 880 auxilium
957 815 1214 878 dextrae
1254 812 1553 876 Petronii
1598 809 1921 890 confugit.
2008 808 2229 887 Quem
2271 808 2335 870 is
2387 807 2473 870 ab
2518 809 2792 888 incepto

601 916 889 980 consilio
919 915 1170 979 frustra
1196 921 1475 977 conatus
1505 909 1910 987 abstrahere,
1962 909 2033 972 in
2080 907 2323 972 iisdem‘
2366 925 2793 991 perseveran-

599 1024 737 1082 tem
765 1017 1080 1100 precibus
1125 1014 1480 1090 interemit,
1524 1011 1826 1094 caedique
1872 1009 2019 1094 ejus
2062 1028 2256 1073 suam
2295 1008 2555 1092 junxit:
2600 1027 2679 1070 ne
2708 1023 2795 1072 eo

593 1117 889 1201 jacente,
918 1137 1034 1201 per
1059 1134 1257 1198 quem
1281 1112 1506 1179 omnia
1535 1110 1877 1194 dignitatis
1897 1117 1950 1158 ⁴¹
1996 1110 2405 1173 incrementa
2450 1114 2794 1173 assecutus

602 1217 837 1294 fuerat,
865 1221 1271 1300 superesset.
1359 1212 1473 1276 Ita
1499 1211 1777 1276 alterius
1803 1211 1951 1275 fato
1991 1210 2475 1287 verecundia‚4²
2522 1209 2797 1274 alterius

603 1319 824 1401 pietas
847 1335 1119 1382 causam
1144 1313 1483 1397 praebuit-3

692 1419 756 1482 6.
799 1417 845 1482 J
851 1416 1325 1500 ungendus'est
1373 1413 1689 1478 Petronio
1722 1413 1865 1478 Ser.
1894 1412 2239 1477 Terentius
2258 1433 2277 1492 ;
2298 1419 2350 1460 ⁴³
2396 1431 2799 1495 quamquam

607 1519 691 1595 ei,
723 1518 902 1581 sicut
929 1517 1254 1600 cupierat,
1282 1532 1405 1598 pro
1433 1513 1657 1578 amico
1686 1532 1813 1578 suo
1858 1514 2070 1597 perire
2112 1533 2245 1579 non
2290 1514 2594 1594 contigit.
2685 1512 2800 1578 In·—

609 1597 809 1702 eepto
837 1637 1126 1703 namque
1175 1616 1461 1698 egregie,
1505 1635 1637 1680 non
1682 1613 1868 1680 irrito
1913 1622 2157 1679 eventu
2204 1613 2526 1679 aestimari
2565 1615 2799 1678 debet:

609 1720 768 1802 quia
797 1725 1120 1802 quantum
1148 1718 1218 1781 in
1249 1717 1370 1781 illo
1398 1715 1553 1793 fuit,
1583 1722 1650 1781 et
1676 1717 1827 1799 ipse
1847 1717 2190 1780 'extinctus
2218 1723 2343 1792 est,
2394 1721 2461 1779 et
2512 1715 2600 1779 D.
2640 1715 2803 1778 Bru-

609 1829 720 1886 tus
752 1821 1113 1903 periculum
1142 1819 1372 1882 mortis
1403 1820 1647 1881 evasit.-·
1730 1817 1870 1896 Qui
1896 1817 2163 1898 fugiens
2194 1837 2237 1881 a
2268 1816 2587 1890 Mutina,¹²
2616 1824 2690 1881 ut
2716 1817 2803 1879 ad

615 1940 691 1984 se
708 1927 767 1967 ⁴4
808 1919 1331 1985 interficiendum
1349 1926 1375 1964 ‘¹
1419 1918 1505 1982 ab
1533 1916 1831 1984 Antonio
1858 1917 2105 1983 missos
2134 1918 2391 2000 equites
2444 1918 2803 1984 advenisse

1193 363 1510 415 vamum
1555 361 1855 412 Maxlm
1906 362 2049 411 mn.
2082 361 2183 408 w.

614 2192 764 2242 Leid.
789 2195 838 2241 2.
861 2192 1000 2240 unica
1021 2190 1372 2250 fortuma—39
1406 2189 1555 2240 Leid.
1595 2195 1642 2240 1.
1675 2192 1735 2241 L.
1774 2190 1992 2240 Octavio.
2058 2189 2187 2240 Mox
2210 2204 2305 2255 pro
2336 2190 2634 2254 prepositae,
2666 2189 2806 2254 quod

611 2256 809 2305 babent
831 2255 980 2304 codd.
1001 2263 1056 2302 et
1079 2255 1199 2303 edd.
1224 2262 1355 2303 vett.
1395 2261 1451 2304 et
1487 2255 1722 2304 restituit
1756 2255 2050 2315 Tot-renim,
2089 2255 2328 2315 Colerus,
2361 2255 2517 2317 Thya.
2554 2260 2612 2303 et
2634 2253 2807 2304 Vorst.

613 2319 875 2369 dederunt
894 2318 1176 2380 propositus.
1240 2318 1344 2367 Pro
1371 2318 1545 2367 Coelias
1565 2319 1725 2369 Barb.
1749 2322 1796 2369 1.
1820 2325 1875 2368 et
1897 2317 2081 2368 Leidd.
2104 2323 2153 2367 2.
2174 2323 2223 2369 7.
2250 2320 2309 2368 G.
2331 2320 2492 2367 AElim
2506 2333 2528 2374 ,-
2561 2317 2651 2365 sed
2677 2316 2807 2366 anti-

613 2384 701 2448 qui
727 2383 880 2433 codd.
903 2382 1096 2430 habent
1120 2383 1444 2442 Calicis—40
1477 2383 1636 2431 Multi
1670 2382 1823 2432 codd.
1864 2396 1983 2431 cum
2006 2383 2128 2431 Vet.
2167 2388 2223 2431 et
2252 2383 2400 2445 Mog-
2442 2381 2549 2434 Qua
2573 2382 2806 2444 Cinnano,

611 2448 788 2498 deleta
811 2447 1324 2510 praepositione.-⁴l
1362 2445 1514 2496 Harl.
1535 2446 1778 2506 conjunxit
1803 2481 1817 2495 .
1838 2479 1853 2497 .
1872 2479 1888 2496 .
1908 2445 2163 2508 dignitatis
2180 2449 2429 2496 eum—42
2461 2444 2666 2496 Winck.
2690 2446 2809 2495 alte-

611 2513 712 2561 rius
742 2512 854 2572 fato
890 2512 1278 2572 magnanimitas,
1329 2510 1465 2573 quod
1501 2511 1736 2574 reposuit
1776 2510 2019 2574 Pighius:
2075 2510 2224 2560 Leid.
2262 2515 2311 2560 7.
2353 2510 2649 2572 verecundia,
2695 2510 2809 2559 sive

612 2576 983 2636 magnanimitas
995 2591 1013 2631 ,·
1038 2574 1185 2624 Leid.
1203 2579 1250 2624 4.
1267 2589 1442 2635 magna
1454 2574 1744 2623 immunitas.
1787 2574 1985 2623 Omnes
2006 2574 2093 2624 alii
2109 2574 2264 2623 codd.
2283 2575 2555 2623 lectionem
2578 2578 2809 2624 nostram

614 2643 1014 2688 tenentum-43
1047 2642 1062 2666 ‘
1081 2638 1238 2687 Dion.
1260 2637 1351 2687 lib.
1374 2650 1524 2689 var.
1547 2643 1603 2687 et
1621 2638 1813 2687 Elbn'um
1836 2639 2057 2689 Blasium
2078 2646 2251 2699 vocat,
2270 2644 2325 2687 et
2344 2652 2454 2686 rem
2470 2638 2632 2686 multo
2654 2638 2810 2691 aliter

612 2702 823 2753 narrat!
861 2704 1191 2752 Corma—44
1225 2701 1376 2751 Harl.
1399 2701 1482 2751 ubi
1501 2703 1564 2751 ad
1585 2716 1649 2753 se.
1720 2701 1925 2752 Deinde
1952 2717 2045 2765 pro
2085 2703 2261 2764 equitet
2292 2700 2441 2751 Leid.
2464 2705 2511 2751 1.
2546 2701 2811 2751 militen.—

1596 2845 1811 2899 NOTAE

677 2970 704 2997 ¹⁸
751 2963 829 3013 Ab
876 2963 1074 3012 Octavio
1137 2959 1345 3023 cannae]
1397 2960 1670 3011 Quomodo

615 3037 782 3088 Cinna
827 3037 1005 3086 urbem
1047 3037 1336 3097 occuparit,
1389 3035 1671 3084 Octavium

614 3111 888 3171 occiderit,
921 3109 1139 3157 diximus
1161 3109 1250 3158 lib.
1275 3123 1314 3158 1.
1355 3122 1401 3157 c.
1423 3113 1473 3158 6.
1509 3123 1562 3157 n.
1588 3113 1670 3159 1⁰.

1752 2960 1927 3011 Pansa
1945 2960 2030 3009 vix
2049 2959 2299 3010 liberatus
2324 2966 2440 3010 erat
2455 2960 2668 3023 Brutus,
2689 2976 2805 3011 enm

1752 3050 1879 3086 ecee
1921 3038 2191 3085 nuntiatur
2227 3035 2508 3085 Octavium
2546 3037 2809 3087 Caesarem

1752 3126 1869 3161 cum
1894 3113 2116 3162 Antonio
2139 3119 2195 3163 et
2212 3111 2412 3175 Lepido
2429 3112 2603 3162 iniisse
2619 3111 2808 3165 foeduu.

678 3192 704 3218 0
737 3185 1020 3247 Placentiae]
1044 3184 1269 3248 Liguriae
1292 3184 1480 3232 civitas
1501 3190 1585 3233 est
1605 3184 1670 3233 ad

616 3276 819 3311 amnem
842 3260 1100 3323 Trebiam,
1123 3272 1223 3308 non
1248 3259 1428 3323 procul
1450 3274 1481 3309 a
1501 3260 1669 3310 Pado.

613 3334 790 3385 Hodie
813 3326 1080 3384 Plaieance.

600 3474 611 3481 κ
679 3417 704 3467 ‡
738 3410 837 3462 An.
859 3412 935 3461 Μ.
957 3415 1108 3461 3967.
1166 3410 1256 3461 01.
1288 3415 1402 3461 1⁷³.
1443 3415 1490 3459 ι.
1542 3411 1672 3461 Urb.

617 3487 678 3541 C.
703 3491 816 3535 666.
871 3486 996 3537 Ant.
1019 3488 1111 3537 Ch.
1135 3490 1212 3536 86.

679 3568 706 3601 Ρ
738 3560 954 3623 Mutina]
988 3560 1133 3610 Urbe
1171 3560 1354 3609 Gallim
1397 3559 1673 3624 Cisalpina}

614 3637 668 3685 in
690 3635 962 3697 Flaminia,
1005 3634 1104 3685 hoe
1144 3635 1282 3684 bello
1317 3634 1671 3685 celeberrima.

616 3712 794 3761 Hodie
816 3714 1041 3762 Modena.

680 3794 706 3828 ⁴1
734 3788 805 3835 Ut
824 3788 886 3836 ad
905 3802 956 3835 ce
975 3783 1378 3852 interficiendum]
1401 3788 1487 3837 De
1506 3795 1687 3841 morte.

616 3862 826 3911 Decimi
872 3862 1046 3922 Bruti,
1093 3861 1213 3925 quia
1267 3862 1539 3912 obscurior
1590 3870 1675 3913 est

615 3933 768 3998 fama,
799 3949 902 3985 nou
927 3936 1125 3999 pigebit
1145 3937 1243 3985 hoe
1266 3937 1321 3985 iu
1343 3938 1458 3986 loeo
1479 3937 1675 3986 studio-

619 4022 789 4058 sorum
807 4011 978 4073 gratia
991 4012 1148 4074 paulo
1163 4011 1369 4061 uberius
1386 4011 1641 4061 disserere
1657 4029 1671 4063 ε

619 4084 888 4137 obsidione
932 4087 1220 4139 Mutinensi
1271 4088 1337 4139 ab
1381 4088 1558 4139 Hirtio
1618 4094 1675 4139 et

1751 3186 1999 3237 Habebat
2023 3186 2231 3251 quidem
2252 3187 2483 3251 legiones
2500 3187 2700 3251 decem,
2716 3202 2811 3238 sex

1751 3269 2008 3329 tyronum,
2025 3272 2386 3314 veteranorum
2412 3270 2665 3329 quatuor;
2687 3266 2810 3319 viriq

1750 3339 1847 3389 bus
1885 3349 2059 3390 tamen
2088 3342 2243 3405 louge
2282 3340 2510 3403 inferior,
2540 3341 2667 3405 quid
2689 3356 2811 3405 age-

1752 3421 1854 3477 ret,
1885 3430 1987 3481 quo
2010 3415 2269 3479 tenderet,
2292 3416 2521 3466 incertus
2542 3417 2697 3466 haesit
2714 3419 2811 3466 ali-

1754 3490 2027 3552 quamdiu:
2064 3490 2276 3540 tandem
2308 3491 2375 3539 ad
2400 3490 2475 3539 Μ.
2499 3491 2721 3540 Brutum
2756 3492 2811 3541 iu

1753 3564 2117 3614 Macedoniam
2170 3578 2391 3628 pergere
2450 3566 2666 3615 statuit:
2716 3568 2807 3616 ned

1752 3640 1918 3701 eopiae
1941 3652 2117 3688 omnes
2139 3639 2239 3689 viae
2263 3639 2505 3703 longioris
2527 3639 2705 3690 labore
2723 3642 2813 3692 de·

1752 3713 1952 3763 territe
1976 3714 2091 3762 alioe
2113 3721 2232 3778 post
2250 3716 2377 3765 alias
2400 3714 2683 3778 deficiuut3
2708 3719 2810 3779 pri.

1752 3803 1891 3837 mum
1929 3797 2139 3853 tyrones
2178 3790 2243 3840 ad
2285 3789 2584 3851 Octavium,
2616 3790 2809 3842 deinde

1754 3864 1820 3914 ad
1843 3864 2121 3915 Antonium
2145 3865 2401 3926 veterani,
2435 3866 2587 3928 paulo
2610 3872 2732 3929 post
2752 3875 2811 3918 et

1756 3939 2027 4001 auxiliarii,
2060 3946 2117 3989 et
2150 3939 2289 3988 Galli
2329 3941 2549 4003 Equites
2584 3942 2672 3989 alii
2706 3944 2811 3993 alio

1754 4012 2063 4077 diffugiunt3
2098 4014 2211 4076 ipse
2245 4020 2420 4063 tamen
2456 4030 2572 4065 cum
2605 4022 2811 4067 trecen-

1754 4090 1841 4152 tis,
1877 4092 1963 4155 qui
2003 4098 2309 4152 supererant
2351 4090 2639 4155 Equitibun,
2672 4092 2813 4143 Rhe-2
