3144 4925
560 371 695 436 860
805 379 817 385 “
1168 387 1477 436 unnim
1528 386 1816 435 MAxim
1867 388 2009 437 mn.
2055 389 2168 438 ix.

568 546 709 604 soa,
736 545 983 610 vapore
1012 532 1077 592 et
1110 528 1295 592 fumo
1320 517 1715 592 balnearum
1737 530 2238 612 strangulando,
2265 535 2337 592 et
2380 529 2766 596 Acerrano-
2856 590 2864 597 ,

569 647 717 692 rum
738 635 1061 707 senatum,
1080 629 1314 694 eadem
1346 630 1598 693 ratione
1627 636 1820 694 extra
1833 631 2087 694 moenia
2105 637 2481 706 evocatum,
2503 632 2572 694 in
2602 651 2766 712 pto-

570 727 845 791 fundum
874 734 1221 812 puteorum
1250 728 1652 811 abjiciendo,
1675 749 1887 792 nonne
1914 730 2164 793 bellum
2195 729 2516 794 adversus
2533 749 2768 812 popu—

572 827 712 892 lum
744 828 1123 900 Romanum
1152 835 1224 892 et
1254 829 1525 894 Italiam
1554 829 1920 912 professae,
1951 828 2272 894 adversus
2299 830 2522 912 ipsam
2558 830 2770 893 fidem

575 927 803 992 acrius
844 929 1081 1010 gessit,
1110 929 1481 994 mendaciis
1524 935 1590 994 et
1615 929 1886 993 fallacia
1907 932 2103 1013 quasi
2133 930 2474 1013 praeclaris
2504 931 2766 995 artibus

578 1029 875 1108 gaudens
892 1031 922 1092 ‘l
1012 1027 1175 1107 Quo
1224 1031 1475 1108 evenit,
1530 1037 1611 1094 ut
1659 1031 1919 1113 alioqui
1963 1032 2292 1112 insignem
2331 1032 2608 1095 nominis
2653 1030 2767 1092 sui

576 1130 967 1192 memoriam
992 1129 1362 1210 relietum&
1392 1131 1461 1194 in
1493 1130 1717 1207 dubio,
1738 1130 2056 1213 majorne,
2087 1150 2172 1195 an
2195 1131 2390 1214 pejm·
2405 1133 2511 1196 vir·
2533 1119 2764 1196 haberi

582 1226 901 1304 deberet,⁸
944 1228 1272 1311 poneret!

1497 1360 1555 1379 00
1559 1360 1586 1379 O
1590 1359 1820 1382 ‘eoem‘
1825 1361 1854 1379 Ο

582 1438 867 1500 complut-eo
888 1439 1039 1490 codd.
1056 1441 1274 1490 Torren.
1296 1440 1349 1490 ιἰι
1365 1441 1716 1504 profunda—8
1749 1443 1872 1492 Vet.
1893 1443 1970 1490 vir
1991 1441 2255 1492 haberetur.

1569 1569 1780 1618 NOTAE

652 1669 674 1714 †
694 1660 792 1711 An.
816 1663 890 1712 M.
907 1666 1052 1712 3889.
1102 1661 1189 1714 Ol.
1207 1667 1319 1714 141.
1338 1667 1388 1714 2.
1422 1664 1550 1717 Urb.
1572 1665 1634 1715 C.
1658 1669 1772 1714 538.
1808 1663 1937 1714 Ant.
1955 1663 2054 1714 ch.
2074 1665 2191 1712 214.

1486 2105 1696 2206 οᾼΡ.
1742 2106 1911 2171 vn.

1230 2285 1362 2352 DE
1406 2285 2142 2352 SEDITIONIBUS.¹

756 2480 945 2516 »muts
968 2479 1217 2517 nomn
1234 2478 1505 2517 Anvnnsus
1783 2478 2030 2517 ulmum
2053 2478 2414 2515 nonuuomm
2437 2479 2714 2517 Anvssnsus

632 2558 663 2602 1
702 2552 760 2603 C.
778 2555 999 2603 Marium
1023 2555 1142 2604 Cos.
1164 2559 1215 2604 6.
1764 2558 1792 2603 1
1829 2552 2124 2602 Gratidium
2151 2552 2392 2615 legatum.

631 2621 665 2665 2
702 2618 767 2668 Q.
792 2618 1058 2667 Metellum
1082 2619 1377 2667 Censorem.
1763 2620 1796 2665 2
1831 2618 1898 2668 Q.
1921 2616 2224 2678 Pompeium
2247 2617 2527 2669 consulem.

636 2684 666 2727 3
701 2680 768 2727 Α.
791 2681 1032 2729 Nomium
1054 2682 1400 2729 candidatum.
1767 2684 1798 2730 3
1836 2682 1898 2730 C.
1918 2679 2208 2729 Carbonem
2226 2680 2473 2742 legatum.

634 2746 667 2791 4
701 2741 769 2792 A.
790 2743 1143 2808 Sempronium
1165 2744 1480 2794 Asellionem
1502 2748 1657 2807 praet.

694 2906 846 2968 San
878 2912 952 2971 ut
976 2908 1284 2971 violentae
1311 2904 1714 2982 seditionis,2
1761 2910 1898 2979 tam
1926 2908 2198 2987 togatae,
2229 2922 2434 2987 quam
2459 2904 2665 2969 etiam
2693 2923 2796 2969 ar·

609 3013 838 3083 matae,
865 3006 1050 3069 faeta
1077 3006 1458 3069 referantur.
2186 3075 2192 3081 ,

698 3109 727 3168 1
745 3148 760 3163 .
804 3105 881 3165 L.
914 3105 1305 3187 Equitium,⁸²
1347 3104 1463 3185 qui
1492 3122 1567 3166 se
1596 3103 1704 3167 Ti.
1724 3102 2014 3167 Gracchi
2033 3103 2252 3167 'filium
2279 3105 2660 3183 simulabat,
2677 3103 2796 3167 tri-

609 3206 1065 3287 bunatumque
1094 3205 1415 3267 adversus
1459 3204 1648 3284 leges
1695 3222 1848 3265 cum
1901 3202 1978 3264 L.
2008 3202 2366 3266 Saturnino
2413 3204 2707 3285 petebat,
2753 3222 2798 3265 a

617 3302 697 3367 C.
729 3302 951 3367 Mario
982 3304 1280 3385 quintum
1301 3312 1321 3350 ³
1354 3304 1781 3368 consulatum
1815 3308 2084 3383 gerente
2107 3302 2178 3365 in
2205 3303 2548 3385 publicam
2578 3306 2798 3367 custo-

1835 3460 1900 3481 Ν

680 3568 710 3611 1
744 3561 875 3609 Mss.
896 3566 951 3609 et
969 3560 1102 3610 Edd.
1118 3566 1240 3609 ante
1261 3560 1523 3623 Pighium,
1538 3560 1619 3607 De
1633 3559 1682 3605 vi
1699 3564 1746 3607 et
1765 3560 2013 3609 seditione.
2079 3558 2188 3609 Sed
2209 3558 2341 3608 Edd.
2361 3558 2475 3609 fere
2499 3558 2716 3625 addunt,
2735 3562 2803 3609 Et

614 3629 673 3675 de
690 3626 857 3689 populo
884 3626 1127 3680 Romanae
1158 3624 1293 3687 quod
1312 3624 1441 3673 Mae.
1468 3636 1568 3671 non
1586 3631 1891 3685 agnoscunt,
1911 3636 2007 3671 nee
2027 3622 2187 3671 etiam
2209 3623 2456 3685 Mog.—2
2488 3623 2576 3672 Ita
2595 3638 2806 3687 prorsus

618 3690 827 3739 codices
851 3688 1046 3737 Brund.
1070 3688 1283 3750 Pighius
1308 3688 1383 3735 sie
1417 3686 1694 3749 legendum
1737 3686 1982 3749 conjecit,
2019 3700 2137 3734 eum
2168 3686 2224 3733 in
2257 3684 2441 3735 Atreb.
2475 3686 2806 3736 observasset

618 3752 851 3801 videmiae
869 3752 1125 3801 seditionis.
1158 3749 1326 3800 Aldus
1349 3750 1619 3800 ediderat:
1655 3750 1894 3798 violentia·
1913 3754 1964 3798 et
1981 3748 2242 3797 seditionis.
2301 3750 2378 3797 Ut
2409 3750 2462 3796 in
2497 3750 2695 3799 Brand.
2731 3751 2808 3798 ita

620 3815 779 3865 etiam
800 3816 985 3879 copes.
1023 3813 1205 3863 Leidd.
1238 3814 1388 3878 prim.
1423 3819 1549 3863 tert.
1590 3820 1726 3863 sext.
1759 3813 1926 3861 Paris.
1964 3826 2070 3861 aee.
2107 3812 2269 3861 Barb.
2307 3812 2497 3875 Ultraj.
2532 3814 2680 3875 prim.
2709 3813 2806 3861 sed

619 3879 769 3929 Leid.
792 3892 899 3927 see.
920 3879 1135 3928 violento
1166 3882 1216 3927 et
1244 3878 1600 3927 :eduinum—a
1631 3878 1720 3926 Sic
1761 3876 1914 3925 codd.
1935 3881 1993 3924 et
2011 3875 2133 3925 edd.
2153 3880 2283 3925 vett.
2303 3890 2334 3923 a
2359 3877 2418 3924 C.
2441 3876 2601 3925 Mario
2617 3880 2809 3925 mlum

1614 4004 1828 4055 NO'FAE

688 4104 713 4131 ⁸
744 4098 805 4145 L.
836 4098 1103 4162 Equitium]
1126 4099 1441 4163 Pii-manum,
1463 4101 1550 4166 qui
1574 4101 1675 4164 pri-
1755 4102 1899 4167 pian.
1963 4100 2046 4150 De
2065 4099 2154 4149 illo
2172 4108 2372 4161 ⁸supra.-

626 4186 713 4223 mo
728 4172 1049 4225 'tribunatus
1070 4175 1155 4226 die
1178 4190 1341 4227 caesus
1362 4183 1460 4241 est,
1481 4192 1547 4227 ex
1560 4177 1678 4240 Ap·
