3144 4925
2483 405 2618 475 837

402 563 819 631 terrestrium
878 560 1527 644 Carthaginiensi-um
1579 563 1947 646 copiarum
2011 576 2346 646 egressum
2413 571 2614 648 terra,

404 687 615 752 quam
642 665 1122 731 maritimarum
1160 663 1519 749 Neptunus
1548 666 1973 747 experiretur.
2063 665 2251 730 Idem
2301 669 2615 750 captivos

401 776 683 834 nostros
713 766 1028 831 oneribus
1058 771 1125 830 et
1150 764 1385 830 itinere
1410 764 1634 829 fessos
1657 765 1826 848 jam,
1853 767 2072 850 prima
2087 767 2337 850 pedum
2358 773 2550 851 parte
2561 778 2618 831 ³1*

402 872 684 936 succisa
710 868 1153 951 relinquebat.
1245 865 1438 945 Quos
1470 869 1735 942 veroin
1763 874 1988 933 castra
2033 868 2462 952 perduxerat,
2489 891 2615 954 pa—

405 975 510 1038 ria
535 973 673 1036 fere
702 971 979 1036 fratrum
1009 974 1076 1058 et
1104 970 1640 1053 propinquorum
1681 971 1993 1052 jungens,
2041 970 2221 1035 ferro
2255 971 2614 1038 decernere

405 1077 727 1156 cogebat:
772 1091 990 1156 neque
1026 1078 1185 1136 ante
1230 1071 1555 1152 sanguine
1597 1071 2020 1154 explebatur,
2053 1091 2254 1156 quam
2286 1073 2376 1137 ad
2403 1092 2614 1138 unum

402 1175 727 1239 victorem
759 1191 989 1237 omnes
1016 1171 1435 1254 redegisset*
1493 1171 1539 1234 J
1544 1178 1696 1236 usto
1729 1175 1886 1255 ergo
1914 1172 2104 1238 illum
2137 1173 2324 1253 odio,
2355 1195 2614 1241 verum·-

400 1280 628 1340 :tamen
655 1275 851 1340 tardo
883 1272 1245 1358 supplicio,
1278 1273 1567 1337 senatus
1588 1274 1848 1340 Prusiae
1875 1267 2056 1358 regis
2075 1283 2127 1323 ³⁵
2170 1276 2426 1343 factum
2453 1296 2613 1361 sup·

398 1377 651 1458 plicem
680 1376 770 1440 ad
795 1373 1246 1441 voluntariam
1275 1379 1553 1438 mortem
1570 1380 1614 1410 ¹³
1656 1377 1999 1459 compulit.

490 1479 556 1542 3.
598 1478 769 1542 Tam
802 1477 1045 1554 hercle,
1087 1495 1290 1560 quam
1324 1475 1777 1541 Mithridatem
1829 1497 2073 1559 regem,
2123 1477 2241 1563 qui
2289 1498 2422 1544 una
2467 1480 2614 1562 epi-

404 1580 579 1644 stola
605 1579 949 1660 octoginta
971 1578 1213 1642 millia¹¹
1241 1578 1486 1642 civium
1510 1576 1964 1642 Romanorum
1989 1579 2056 1643 in
2078 1578 2249 1644 Asia
2275 1599 2392 1664 per
2413 1581 2613 1645 urbes

394 1680 786 1776 negotiandi
814 1681 1030 1764 gratia
1058 1678 1452 1763 dispersa‚³⁶
1484 1680 1836 1760 interemit,
1869 1687 2215 1764 tantaeque
2243 1682 2610 1765 provinciae

992 397 1155 468 cair».
1191 412 1271 466 η’.
1323 417 1431 466 mrx
1463 417 2025 469 ennnnm‘rnrn.

1319 1843 1677 1865 eeeeemeeee

394 1943 533 1993 -Mox
554 1946 851 1995 terrestrium
870 1948 1113 1995 scelestum
1134 1946 1187 1994 in
1210 1944 1371 1995 Aldd.
1393 1945 1559 1994 Colin.
1579 1943 1782 2008 Gryph.
1805 1948 1861 1991 et
1881 1943 2192 2006 steph—84
2225 1941 2314 1991 Ita
2335 1941 2460 1993 edd.
2477 1948 2611 1993 vett.

394 2023 518 2057 cum
539 2009 736 2059 Brand.
768 2015 813 2059 1.
836 2015 882 2060 2.
904 2018 961 2060 et
981 2010 1133 2059 cod-d·
1166 2009 1387 2058 Torren.
1450 2009 1606 2071 Pigh.
1631 2022 1760 2057 vero
1782 2021 1848 2055 ex
1873 2020 1974 2056 nuo
1997 2007 2179 2070 Camp.
2214 2008 2431 2068 mavult,
2453 2006 2612 2066 feam

392 2073 565 2137 infima
576 2076 749 2138 pedum
763 2080 917 2138 parte.
971 2077 987 2102 ⁸
1006 2074 1201 2138 Ultraj.
1220 2074 1369 2138 prim.
1390 2073 1443 2122 in
1462 2077 1638 2136 prima.
1708 2070 1958 2122 Profecto
1968 2071 2078 2131 jam
2106 2076 2286 2134 potest
2304 2071 2392 2121 hic
2411 2071 2607 2122 habere

395 2137 590 2199 locum,
611 2141 653 2187 si
669 2140 859 2202 jungas
881 2153 995 2189 curn
1008 2138 1185 2198 sessos.
1250 2139 1419 2188 Paulo
1444 2144 1581 2200 post,
1603 2139 1828 2200 quosdam
1858 2150 1968 2184 vero
1997 2150 2132 2198 quos,
2155 2136 2234 2185 vel
2257 2137 2480 2198 quondan
2501 2151 2612 2185 em

392 2207 471 2264 «t,
502 2203 737 2252 nonnulli
780 2204 1065 2253 exhibent!
1115 2204 1441 2252 Terrena—ss
1478 2203 1565 2251 Ita
1603 2203 1816 2250 Torren.
1861 2215 1926 2248 ex
1971 2199 2122 2250 codd.
2161 2200 2314 2264 vulgo
2351 2200 2614 2262 regi—⁸6

1398 2333 1448 2383 N
1452 2331 1622 2382 01*AE

464 2433 487 2487 t
522 2426 627 2479 An.
650 2427 729 2480 M.
750 2433 898 2481 3838.
970 2429 1057 2481 01.
1084 2435 1196 2481 141.
1224 2433 1271 2480 l.
1326 2428 1458 2481 Urb.

394 2504 457 2561 ,0.
480 2508 597 2554 537.
652 2505 779 2555 Ant.
802 2508 897 2557 Cb.
920 2511 1036 2557 215.

392 2618 399 2624 .
456 2586 493 2613 ¹¹¹
512 2580 595 2630 Aa
614 2582 931 2631 ademarium
948 2582 1168 2645 mortem]
1194 2582 1326 2632 Post
1351 2582 1457 2632 vic-

392 2662 504 2705 tum
528 2656 861 2719 Antiochum,
896 2660 1183 2722 Hannibal,
1216 2660 1293 2709 uti
1324 2659 1457 2707 dixi-

390 2744 525 2795 mus,
547 2733 611 2781 ad
635 2732 873 2783 Prusiam
893 2734 1153 2799 Bithyniae
1176 2736 1375 2800 Regem
1400 2750 1457 2784 se

385 2808 631 2881 contulit,
663 2808 727 2857 ad
750 2824 903 2873 quem
928 2811 1194 2875 aliquanto
1228 2816 1351 2875 post
1382 2812 1455 2860 le-

388 2890 543 2947 gatus
586 2901 619 2934 a
660 2886 859 2936 Senatu
899 2887 1133 2937 Romano
1190 2886 1335 2937 venit
1386 2888 1453 2937 T.

390 2960 640 3010 Quintius
684 2962 985 3011 Flaminius.
1050 2964 1183 3012 Tum
1222 2963 1458 3026 Prusias,

386 3033 501 3082 eive
538 3041 599 3084 ut
640 3034 1020 3098 gratificaretur
1058 3038 1308 3101 praesenti
1338 3040 1457 3088 Fla-

386 3100 571 3174 intuto,
603 3111 715 3161 sive
746 3110 819 3161 ab
856 3126 919 3161 eo
963 3112 1232 3177 impulsus,
1264 3114 1457 3165 milites

387 3183 533 3255 misit
585 3186 651 3237 ad
707 3188 1097 3239 custodiendam
1148 3190 1455 3242 Hannibalis

389 3258 595 3311 domum
616 3279 630 3312 ε
662 3260 771 3327 ille,
806 3270 865 3313 ut
889 3264 993 3314 iter
1015 3280 1222 3329 semper
1242 3266 1453 3331 aliquod

388 3345 741 3401 praeparatum
784 3341 921 3403 fngae
967 3342 1203 3407 haberet,
1247 3351 1451 3409 septem

388 3413 561 3465 exitus
586 3429 613 3463 e
637 3414 791 3464 domo
812 3413 1030 3481 fecerat,
1054 3423 1110 3467 et
1133 3418 1279 3469 exiis
1300 3434 1452 3484 quos-

388 3488 509 3539 dam
548 3492 805 3553 occultos,
833 3504 902 3541 ne
946 3495 1184 3545 custodia
1220 3497 1450 3559 sepiren-

388 3573 509 3635 tur3
540 3567 635 3617 sed
667 3566 877 3629 frustra,
910 3582 1029 3619 nam
1062 3571 1336 3622 circuitum
1360 3574 1451 3622 do·-

386 3656 499 3693 mus
536 3642 606 3691 ita
644 3640 891 3692 custodiis
925 3647 1182 3707 complexi
1216 3656 1357 3709 sunt,
1390 3656 1449 3699 ut

385 3720 529 3769 nulla
548 3721 757 3770 omnino
782 3720 920 3784 fugae
948 3722 1027 3772 via
1046 3724 1283 3786 pateret:
1308 3716 1449 3789 quod

384 3800 443 3853 ut
474 3796 639 3845 sensit
672 3795 959 3859 Hannibal,
992 3799 1074 3846 vel
1112 3812 1143 3847 a
1180 3812 1333 3847 servo
1368 3799 1449 3862 ip-

382 3869 488 3919 sius
520 3872 674 3935 jussu
718 3886 1017 3937 compressa
1056 3876 1180 3937 gula
1214 3876 1449 3939 interiit3

386 3947 470 3995 vel
512 3948 770 3997 taurinum
810 3949 1107 4011 sanguinem
1156 3951 1342 4015 ebibit,
1375 3952 1453 4002 ita

384 4020 522 4069 enim
543 4022 773 4071 nonnulli
796 4024 933 4086 apud
949 4026 1331 4095 ,Plutarchunu
1369 4028 1451 4077 vel

384 4098 576 4161 potius,
622 4104 683 4149 nt
736 4099 912 4163 placet
958 4100 1124 4164 Livio,
1180 4116 1453 4165 venenum,

383 4172 524 4235 quod
553 4173 661 4235 jam
704 4174 793 4223 diu
830 4184 1179 4241 praeparatum
1222 4178 1284 4227 ad
1321 4180 1451 4242 tales

1538 2425 1686 2491 mus,'
1718 2425 1908 2491 inquit,
1939 2425 1955 2454 ‘
1989 2425 2236 2475 diuturna
2277 2437 2401 2475 cura
2443 2439 2610 2491 popu.

1542 2506 1648 2553 lum
1666 2506 1976 2566 Romanum,
1995 2503 2208 2569 quando
2230 2509 2450 2553 mortem
2467 2502 2608 2553 senis

1538 2585 1825 2641 expectare
1848 2580 2053 2640 longum
2077 2584 2324 2639 censent3
2347 2592 2445 2628 nec
2463 2592 2608 2643 mag-

1540 2670 1660 2704 nam
1709 2670 1808 2705 nee
1851 2654 2239 2703 memorabilem
2295 2668 2363 2703 ex
2420 2654 2608 2708 inermi

1540 2732 1850 2796 proditoque
1864 2730 2144 2782 Flaminius
2160 2730 2425 2780 victoriam
2441 2730 2582 2781 feret
2593 2748 2610 2783 ε

1538 2823 1710 2858 mores
1750 2808 1962 2873 quidem
2001 2804 2067 2857 P.
2100 2806 2318 2857 Romani
2351 2815 2608 2872 quantum

1538 2882 1876 2945 mutaverint,
1913 2882 1996 2933 vel
2028 2881 2113 2931 hic
2147 2881 2264 2931 dies
2294 2889 2607 2945 argumento

1534 2960 1660 3011 erit.
1730 2959 1935 3009 Horum
1967 2964 2144 3022 patres
2162 2957 2423 3021 Pyrrhum
2445 2956 2607 3009 infes-

1534 3037 1606 3086 tis
1633 3036 1794 3099 signis
1819 3036 1997 3084 Romae
2020 3035 2374 3084 imminentem
2397 3049 2430 3083 a
2451 3049 2608 3085 vene-

1536 3126 1606 3161 no
1631 3119 1694 3161 ut
1716 3116 1932 3161 caveret
1953 3116 2297 3173 monuerunt3
2326 3110 2380 3159 hi
2403 3110 2606 3161 Prusia

1536 3194 1777 3249 auctores
1821 3192 1946 3237 sunt
1987 3192 2068 3247 ut,
2120 3186 2283 3248 regiae
2327 3185 2605 3251 dignitatis

1526 3264 1834 3329 junctoeque
1885 3262 2120 3311 dexterae
2159 3262 2373 3323 oblitus,
2413 3262 2603 3326 hospes

1530 3341 1788 3404 hospitem
1813 3339 2012 3388 scelere
2037 3336 2261 3402 prodat.’
2311 3339 2604 3388 Execratus

1531 3415 1723 3464 deiude
1757 3416 1813 3463 in
1847 3421 2007 3477 caput
2039 3426 2356 3477 regnumque
2381 3413 2604 3477 Prusiae,

1532 3492 1776 3554 poculum
1822 3488 2057 3539 exhausit
2101 3503 2262 3538 annos
2324 3494 2476 3538 natus
2517 3493 2603 3540 ⁷0.

1534 3570 1671 3619 Haec
1694 3567 1870 3617 Livius
1894 3565 1984 3615 lib.
2013 3577 2221 3613 xxxrx.
2475 3591 2480 3597 -

1597 3651 1620 3677 ¹·
1657 3644 1920 3705 Octoginta
1965 3640 2140 3703 millia]
2191 3640 2311 3689 Uno
2356 3637 2442 3687 die
2487 3641 2602 3688 15⁰.

1528 3720 1692 3769 millia
1752 3734 1891 3769 caesa
1950 3717 2114 3767 tradit
2173 3714 2490 3764 Plutarchus
2547 3713 2602 3763 in

1528 3797 1701 3863 Sylla:
1741 3794 1908 3845 missis
1933 3794 2068 3841 enim
2100 3788 2166 3841 ad
2200 3790 2447 3854 Satrapes
2480 3790 2600 3839 lite·

1531 3872 1624 3930 ris,
1658 3872 1914 3921 Romanos
1937 3882 2114 3918 omnes
2148 3874 2202 3918 et
2242 3866 2458 3915 Italicos
2481 3866 2598 3915 hos-

1525 3939 1668 4013 ''pites
1692 3963 1807 3997 cum
1831 3945 2076 3996 uxoribus
2112 3951 2168 3993 et
2207 3943 2390 3993 liberis
2429 3942 2598 3994 occidi

1524 4024 1720 4089 jussit;
1754 4022 2018 4087 pollicitus
2043 4034 2192 4069 servo
2215 4019 2533 4083 libertatem,
2555 4021 2598 4070 si

1532 4106 1747 4165 herum3
1791 4101 2016 4153 debitori
2049 4098 2314 4149 dimidiam
2339 4099 2594 4171 *pecunias

1534 4187 1756 4247 partem,
1793 4180 1836 4231 si
1859 4178 2175 4230 creditorem
2207 4185 2462 4252 necasset.

382 4246 605 4299 habebat
650 4264 817 4313 casus,
872 4255 1128 4317 poposcit.
1187 4260 1199 4283 ⁸
1239 4256 1449 4305 Libere·
1544 4285 1559 4291 -
