3144 4925
805 343 966 393 cn.
1003 343 1164 393 vm.
1209 346 1306 394 nn
1351 346 1673 396 szvnms
1714 347 2109 400 ext-ursus,
2426 341 2563 407 577

369 483 582 552 dom
599 502 751 572 inea
780 485 1130 569 irfflgnum·
1151 485 1418 570 judico,
1459 490 1901 575 protinusque
1948 513 1987 558 e
2016 499 2386 576 conspectu
2413 514 2567 566 meo

363 587 554 658 abire
573 586 824 672 ⁴iubeo!
908 587 1082 653 Tam
1127 591 1299 654 tristi
1343 593 1554 674 patris
1584 593 1915 658 sententia
1944 593 2323 676 perculsus⁹
2386 596 2565 666 Sila-

361 709 516 767 nus,
543 690 764 753 lucem
802 692 1084 755 ulterius
1129 692 1370 756 intueri
1399 711 1534 756 non
1580 694 1914 772 stistinuit,
1958 695 2457 780 suspendioque
2490 719 2563 762 se

361 793 680 873 proxima
704 798 906 856 nocte
937 795 1332 858 consumsit.
1395 796 1747 878 peregerat
1762 796 1911 879 jam
1932 797 2324 880 Torquatus-
2344 801 2565 864 severi

365 901 436 961 et
481 895 774 976 religiosi
822 895 1078 979 judicis
1127 903 1391 979 partes:
1453 896 1879 962 satisfactum
1934 905 2081 962 erat
2130 899 2517 982 reipublicae
2544 921 2563 964 ε

357 995 650 1060 habebat
674 997 996 1061 ultionem
1041 997 1486 1062 Macedonia:
1533 998 1758 1079 potuit
1800 1003 1940 1062 tam
1969 998 2341 1064 verecundo
2370 1001 2561 1066 obitu

361 1095 488 1159 filii
534 1098 744 1179 patris
791 1097 1044 1162 inflecti
1089 1099 1266 1180 rigor
1284 1118 1314 1162 t.
1367 1106 1440 1162 at
1479 1099 1597 1162 ille
1620 1107 1671 1137 ¹0
1712 1119 1929 1183 neque
1954 1099 2409 1166 adolescentis
2438 1122 2559 1166 ex-

363 1198 586 1279 equiis
613 1198 928 1275 interfuit,
961 1205 1029 1264 et
1075 1219 1230 1266 cum
1259 1201 1556 1264 maxime
1602 1201 1803 1266 funus
1832 1201 1979 1284 ejus
2005 1201 2365 1280 duceretur,
2398 1221 2560 1274 con-

363 1299 582 1362 sulere
605 1319 681 1362 se
709 1299 1114 1378 volentibus,
1145 1321 1396 1366 vacuas
1425 1320 1627 1366 aures
1656 1301 2215 1368 accommodavit.
2264 1301 2563 1367 Videbat

360 1399 542 1462 enim
571 1417 653 1462 se
681 1400 752 1462 in
779 1419 864 1463 eo
889 1402 1068 1466 atrin-
1095 1402 1496 1477 consedisse,
1525 1403 1593 1466 in
1622 1421 1757 1485 quo
1799 1402 2149 1486 Imperiosi
2179 1403 2367 1467 illius
2390 1403 2559 1468 Tor-

358 1501 550 1584 quati
569 1503 620 1538 ¹¹
665 1503 1026 1566 severitate
1054 1503 1430 1588 conspicua
1459 1504 1681 1585 imago
1700 1505 1925 1586 posita
1956 1511 2131 1570 erat:
2178 1505 2559 1586 prudentis-

357 1603 668 1686 simoque
696 1603 840 1668 viro
871 1606 1327 1682 succurrebat,
1357 1604 1610 1686 effigies
1637 1605 1960 1689 majorum
1988 1626 2141 1670 cum
2172 1608 2383 1671 titulis
2413 1609 2557 1672 suis

354 1704 712 1768 idcircoin
735 1706 954 1787 prima
974 1708 1230 1771 ‘aedium
1256 1713 1443 1791 parte
1470 1708 1631 1791 poni
1660 1707 1907 1785 solere,
1934 1714 2007 1772 ut
2030 1727 2259 1772 eorum
2277 1709 2559 1774 virtutes

353 1806 618 1888 posteri
641 1825 774 1870 nou
802 1807 1016 1870 solum
1044 1808 1356 1890 legerent,
1380 1809 1508 1872 sed·
1533 1810 1733 1874 etiam
1762 1809 2217 1874 imitarentur.‡

359 1954 368 1962 .
443 1909 505 1968 4.
551 1905 655 1968 Μ.
683 1924 840 1970 vero
871 1906 1237 1986 ScauruS,‘¹.
1259 1909 1483 1973 lumen
1531 1929 1613 1974 ac
1644 1910 1851 1974 decus
1880 1910 2147 1992 patries,
2184 1929 2340 1974 cum
2371 1910 2557 1992 apud

357 2007 668 2072 Athesim
683 2017 715 2064 .·
781 2010 1026 2074 flumen
1057 2013 1335 2095 impetu
1406 2012 1823 2077 Cimbrorum
1878 2011 2189 2077 ‚Romani
2260 2013 2521 2094 equites
2541 2021 2566 2064 f

358 2109 563 2190 pulsi,
597 2110 864 2175 deserto
896 2111 1224 2194 [procos]
1253 2111 1572 2190 Catulo,¹²
1618 2111 1871 2178 Urbem
1898 2113 2129 2197 pavidi
2151 2118 2554 2196 repeterent,

361 2212 925 2276 consternationis
943 2233 1167 2278 eorum
1190 2216 1504 2299 participi
1526 2215 1667 2279 filio
1690 2235 1815 2280 suo
1837 2217 2037 2292 misit,
2054 2217 2169 2299 qui
2189 2215 2553 2293 dicerent,¹³

361 2315 386 2360 -‘
406 2311 724 2377 libentius
757 2333 832 2377 se
877 2316 950 2380 in
1001 2315 1147 2380 acie
1193 2315 1342 2402 ejus
1391 2317 1719 2382 interfecti
1770 2316 2044 2382 ossibus
2096 2335 2555 2393 occursurum,

359 2589 509 2639 codd.
528 2606 585 2639 uc
607 2592 751 2640 tertio
771 2593 850 2641 die
867 2584 1252 2657 plenissima—9
1271 2593 1374 2642 Sex
1397 2593 1772 2642 eodds'rorren.
1790 2600 1848 2641 ut
1861 2591 2027 2641 Aldus
2045 2592 2237 2656 aliique
2255 2594 2553 2653 ediderunt,

353 2669 618 2715 percussus.
681 2657 811 2705 Mox
851 2671 946 2720 pro
981 2659 1160 2707 intueri
1199 2658 1320 2707 Vct.
1358 2658 1669 2706 nidera—10
1707 2658 1902 2707 Eadem
1933 2656 2055 2706 Vet.
2092 2658 2245 2706 stille
2266 2658 2549 2710 delet—11

358 2718 500 2768 Edd.
531 2726 669 2785 γαπ.
708 2728 829 2769 ante
869 2720 1017 2783 Pigh.
1053 2722 1187 2771 iuius
1209 2722 1478 2785 Imperiossi
1505 2722 1761 2783 {lbi-quatit
1794 2722 1979 2783 copes.
2014 2721 2262 2783 Imperiosi
2281 2722 2419 2770 illino
2440 2724 2555 2771 Tm·-

356 2782 513 2847 quati.
580 2784 685 2832 Hic
717 2784 844 2833 ordo
887 2784 941 2833 in
993 2784 1344 2849 compluribus
1389 2787 1692 2834 observatur
1734 2786 1865 2833 Mss.
1942 2785 2070 2832 Mox
2123 2786 2550 2847 quemadmodum

357 2846 638 2895 duodecim
660 2848 790 2898 Mss.
812 2862 988 2899 omnes
1009 2858 1134 2899 ante
1157 2850 1396 2913 Pighium
1422 2850 1556 2899 Eud.
1596 2850 1790 2898 babent
1810 2849 1991 2913 effigies
2022 2862 2208 2895 suorum
2240 2849 2553 2909 aeriorum.—

354 2913 424 2961 12
470 2910 560 2959 Sic
598 2912 756 2961 edere
795 2914 994 2977 placuit
1028 2914 1234 2977 Pigbio.
1275 2914 1513 2963 Vetustoe
1554 2913 1706 2962 editt.
1742 2914 1939 2961 consule.
2003 2911 2108 2959 Sex
2138 2912 2268 2961 Mss.
2293 2926 2409 2959 cnm
2431 2915 2550 2962 Vet.

355 2974 559 3023 delent.
597 2985 761 3025 recte.
827 2978 1002 3041 Major
1042 2992 1162 3041 pars
1191 2978 1321 3026 Mus.
1345 2992 1459 3026 cum
1484 2978 1630 3041 Mog.
1654 2980 1837 3025 deserto
1858 2976 2027 3024 Catulo
2047 2978 2245 3036 consule,
2280 2990 2347 3023 ex
2371 2978 2552 3037 glossa.

354 3038 490 3101 [sex
527 3040 742 3091 Tor-ren.
775 3054 961 3090 nomen
991 3042 1323 3105 magistratus
1347 3043 1627 3091 omittunt:
1661 3040 1858 3090 Medic.
1896 3044 1943 3089 2.
1974 3040 2219 3089 exhibet:
2274 3042 2336 3095 Q.
2364 3042 2551 3088 Catullo

353 3103 584 3165 consule-j
647 3105 776 3153 Mox
803 3120 896 3169 pro
919 3106 1310 3155 consternationis
1327 3120 1489 3153 eorum
1511 3112 1693 3155 eontra
1716 3106 1942 3153 omnium
1978 3103 2129 3152 codd.
2174 3112 2228 3153 et
2266 3104 2382 3153 edd.
2404 3113 2550 3154 -vett.

353 3164 515 3219 fidem
539 3167 754 3231 Pighius
775 3169 1033 3232 ediderat,
1065 3171 1482 3219 consternationem
1502 3170 1753 3229 dum—13
1789 3171 1993 3219 Novem
2026 3167 2177 3217 codd.
2214 3184 2330 3218 eum
2353 3170 2472 3219 Vet.
2495 3177 2551 3219 et

1351 3303 1560 3355 NOTAE

419 3380 448 3473 ξ’
467 3413 570 3466 Αιι.
589 3416 666 3464 M.
692 3420 838 3467 8914.
869 3416 960 3467 01.
983 3421 1096 3466 16⁰.
1120 3422 1164 3467 1.
1203 3418 1334 3469 Urb.
1353 3419 1416 3469 C.
1495 3388 1608 3468 tate
1660 3420 1937 3469 clamorem
1981 3418 2289 3471 horrendum
2345 3420 2548 3478 tollore.

350 3495 467 3541 613.
501 3492 626 3541 Ant.
649 3493 744 3542 Cb.
767 3495 882 3542 189.
1495 3502 1775 3543 concutere
1828 3500 2057 3556 pontem,
2126 3492 2339 3542 fluvium
2392 3495 2550 3555 saxis,

419 3565 442 3599 ‘¹
478 3568 558 3615 M.
582 3582 692 3616 vero
730 3566 959 3631 Scaurus]
1009 3568 1230 3618 Senatus
1271 3570 1412 3633 prin·
1496 3570 1714 3633 truncis,
1778 3569 2047 3619 arboribus
2103 3569 2341 3631 replere;
2406 3568 2548 3631 quod

351 3654 503 3704 ceps,
535 3641 604 3691 de
648 3657 749 3705 quo
787 3643 945 3693 sicuti
985 3643 1052 3692 de
1094 3644 1275 3694 Catulo
1298 3646 1410 3709 jam
1496 3651 1697 3693 tautum
1738 3650 1988 3693 terrorem
2034 3642 2272 3693 Romanis
2313 3642 2550 3702 incussit,

350 3716 558 3779 sapius.
1490 3725 1550 3767 nt
1576 3719 1810 3783 plerique
1832 3718 2054 3767 desertis
2087 3724 2144 3766 et
2163 3717 2346 3766 castris
2368 3721 2424 3764 et
2443 3716 2545 3779 sig-

415 3798 440 3823 ⁸
470 3792 714 3856 Athesim]
767 3794 953 3843 Gauio
996 3794 1270 3857 Cisalpinae
1313 3794 1408 3844 flu·
1489 3796 1587 3857 nis,
1607 3796 1881 3858 segeneo&
1918 3809 2047 3858 quos
2068 3793 2284 3842 Catulus
2308 3793 2425 3842 cum
2446 3807 2544 3841 nec

348 3866 514 3916 vium.
579 3868 662 3915 Ex
689 3868 1009 3918 Tridentinis
1040 3868 1257 3931 Alpibus
1291 3884 1408 3930 pro·
1488 3871 1733 3932 precibus
1752 3883 1846 3918 nec
1865 3868 2103 3931 lacrymis
2121 3867 2341 3916 retinere
2356 3876 2546 3929 posset,

345 3939 498 4003 fluit3
541 3943 844 3994 Tridentum
865 3944 1225 4007 veronamque
1242 3946 1407 3994 alluit.
1489 3960 1666 3995 eorum
1688 3946 1873 4009 pudori
1897 3945 2189 4005 consulens,
2207 3957 2263 3991 se
2285 3942 2424 4006 fugae
2448 3943 2540 3993 du-

347 4016 528 4066 Hodie
548 4019 726 4081 Adige.
1488 4034 1605 4069 cem
1628 4020 1886 4082 praebuit3
1923 4033 1989 4067 ne
2018 4017 2219 4081 fugere,
2238 4018 2329 4067 aed
2352 4018 2540 4071 ducem

415 4091 437 4123 ¹⁹
465 4094 671 4143 Romani
691 4095 893 4159 equites]
923 4095 1159 4145 Athesim
1193 4096 1408 4145 Catulus
1488 4094 1634 4157 sequi
1657 4093 1969 4143 viderentur.

353 4166 578 4220 Cimbris
613 4171 901 4233 objecerat:
957 4172 1109 4221 atilli
1132 4173 1262 4221 mira
1283 4170 1408 4221 feri-

485 4250 668 4313 Daph.
687 4256 736 4299 ct
767 4250 884 4301 γαν.
908 4252 1036 4299 Clas.
1315 4252 1419 4301 Vae.
1440 4253 1582 4301 Max·
1784 4279 1791 4283 -
2292 4257 2324 4299 2
2360 4251 2406 4299 Ο
