3144 4925
590 387 722 454 ⁸796

676 546 741 608 4.
786 543 833 608 J
836 563 944 607 am
998 541 1079 606 de
1137 541 1238 607 M.
1288 539 1667 626 Perpernad
1733 544 1893 625 quid
1945 544 2218 625 loquar?
2281 544 2399 625 qui
2456 543 2792 622 omnibus,

596 662 768 728 quos
814 645 883 707 in
922 648 1229 707 senatum
1258 643 1492 706 consul
1518 649 1901 720 vocaverat,
1951 649 2291 725 superstes
2320 643 2482 707 fuit:
2530 652 2790 727 septem

595 765 865 828 quoque
898 742 1384 821 tantummodo,
1416 762 1587 826 quos
1613 762 1856 808 censor
1877 743 2140 824 collega
2167 743 2250 806 L.
2281 743 2587 827 Philippi
2614 745 2794 826 lege-

594 849 720 921 rat,
737 851 741 856 “
761 863 799 907 e
839 844 1146 926 patribus
1176 843 1578 926 conscriptis
1605 843 1903 926 reliquos
1951 843 2160 922 vidit3
2207 849 2357 907 toto
2390 843 2624 922 ordine
2651 863 2794 907 am-

594 943 907 1025 plissimo
935 941 1358 1008 diuturnior?

672 1045 749 1110 ’5.
792 1044 1007 1127 Appii
1035 1064 1191 1109 vero
1222 1051 1487 1109 aevum⁸
1531 1045 1725 1108 clade
1767 1043 2055 1121 metirer,
2087 1043 2250 1126 quia
2295 1043 2626 1108 infinitum
2667 1060 2796 1106 nu·-

594 1159 846 1210 merum
875 1163 1195 1209 annorum
1224 1145 1499 1208 orbatus
1542 1143 1906 1211 luminibus
1949 1143 2198 1225 exegit,
2246 1144 2378 1208 nisi
2413 1148 2692 1228 quatuor
2719 1139 2798 1206 fi-

1166 401 1475 448 VALERH
1528 400 1824 463 fluxim
1877 401 2020 449 mn.
2063 401 2231 448 vlu.

593 1245 753 1320 lios,
806 1249 877 1308 et
924 1244 1222 1327 quinque
1268 1243 1472 1320 filiae,
1510 1243 1838 1325 plurimas
1886 1240 2285 1321 clientelas}
2317 1265 2456 1308 rem
2499 1244 2794 1327 denique
2885 1268 2890 1272 ·

592 1344 961 1425 publicam,
1004 1344 1137 1409 hoc
1172 1363 1340 1409 casu
1379 1350 1739 1425 gravatuS,
1765 1345 2125 1408 fortissime
2168 1346 2486 1410 rexisset.
2578 1345 2796 1424 Quin-

600 1445 807 1508 etiam
830 1446 1053 1509 fessus
1070 1445 1218 1527 jam
1242 1445 1550 1523 vivendo,
1579 1446 1822 1510 lectica
1867 1465 1942 1511 se
1972 1447 2042 1508 in
2086 1443 2362 1511 Curiam
2385 1446 2630 1511 deferri
2648 1446 2798 1528 jus-

598 1544 714 1622 sit,
743 1549 818 1608 ut
846 1564 999 1610 cum
1022 1545 1284 1628 Pyrrho
1314 1545 1674 1609 deformem
1704 1565 1936 1629 pacem
1965 1544 2110 1608 fieri
2141 1545 2544 1628 prohiberet.
2589 1545 2797 1610 Hunc

1519 1705 1850 1726 ‘Ownm
1855 1706 1884 1726 O

595 1795 856 1856 alfagium,-
887 1799 943 1844 et
964 1795 1038 1844 sic
1058 1795 1302 1858 Mog.—9
1332 1795 1419 1844 Its
1440 1795 1559 1846 edd.
1582 1801 1718 1846 vett.
1739 1802 1792 1845 et
1813 1795 1888 1845 sic
1924 1795 2080 1845 codd.
2119 1795 2234 1846 fere
2275 1811 2451 1846 omnes
2481 1797 2704 1846 Torren.
2737 1804 2795 1848 et

595 1859 719 1907 Vet.
741 1859 882 1923 quod
906 1860 1147 1922 probavit
1169 1860 1482 1920 Gronovius,
1514 1861 1716 1922 recepit
1751 1859 2010 1922 Kappius.
2074 1859 2241 1908 Aldus
2278 1861 2552 1910 ediderat:
2587 1875 2703 1924 quos
2739 1863 2794 1915 ἐκ

594 1928 761 1970 senatu
780 1923 1243 1982 consuli-egonus&
1277 1936 1446 1985 neque
1485 1923 1736 1973 sustinuit
1769 1933 1971 1972 mutare
2010 1922 2246 1986 Pighius,
2283 1925 2511 1986 quamvis
2549 1925 2602 1972 in
2641 1925 2795 1974 codd.

597 1987 854 2096 {aperiret
872 1985 1822 2099 kffiosggdsenzusmpomroguvm
1846 1985 1982 2049 quod
2003 1987 2197 2100 babeat
2215 1987 2372 2102 etinaim
2389 1988 2633 2101 ιιιῧιιιιιιίἰίι
2643 1988 2798 2039 codd.

703 2062 811 2099 ren.
948 2063 965 2096 1
1006 2063 1035 2098 c
1142 2063 1207 2111 ‚q
1328 2063 1381 2098 m
1548 2064 1630 2098 um
1661 2066 1688 2100 e
1858 2064 2140 2100 convocaver-
2193 2081 2209 2098 .
2337 2065 2403 2100 ox
2477 2066 2507 2102 e
2536 2066 2606 2102 .e
2653 2066 2794 2100 com·

1593 2191 1812 2242 NOTAE

664 2305 690 2357 ε
725 2295 827 2350 An.
851 2300 929 2348 M.
948 2301 1093 2350 885⁰.
1127 2300 1413 2351 01.144.1.
1447 2299 1578 2354 Urb.
1601 2303 1658 2353 C.
1741 2303 2064 2367 Consulibus,
2109 2318 2267 2354 annos
2304 2311 2456 2356 natus
2488 2311 2571 2356 98.
2635 2305 2701 2354 Id
2723 2306 2800 2354 ita

601 2381 721 2426 549.
750 2376 885 2427 Ant.
906 2377 1005 2427 ch.
1026 2381 1147 2428 2⁰8.
1739 2393 1854 2429 esse
1873 2380 2051 2442 didici,
2073 2396 2188 2430 cum
2207 2396 2272 2430 ex
2287 2383 2461 2433 multis
2480 2382 2798 2444 auctoribus,

662 2451 687 2485 ἆ
716 2453 798 2502 Μ.
832 2452 1099 2516 Perperna]
1132 2454 1407 2505 Lectorem
1447 2455 1531 2507 bic
1571 2457 1659 2507 ad·
1740 2459 1848 2505 tum
1870 2455 2090 2505 maxime
2113 2471 2178 2505 ex
2195 2455 2370 2507 Plinio
2393 2459 2484 2508 lib.
2508 2472 2614 2510 vn.
2635 2474 2681 2510 c.
2711 2461 2796 2508 4&

598 2541 808 2577 monere
831 2527 1031 2577 libitum
1056 2534 1155 2587 est,
1178 2528 1468 2580 oliverium
1489 2532 1658 2581 virum

596 2604 826 2669 alioquin
867 2604 1145 2669 eruditum,
1200 2613 1260 2657 ut
1297 2608 1349 2655 in
1394 2609 1525 2669 aliis,
1581 2610 1658 2659 ita

598 2680 759 2729 etiam
780 2680 835 2727 in
857 2679 955 2729 boc
983 2681 1188 2729 nomine
1213 2683 1440 2746 turpiter
1458 2684 1658 2747 lapsum

596 2766 710 2803 esse
726 2770 741 2803 ε
764 2768 881 2803 eum
898 2754 1036 2803 enim
1052 2756 1227 2805 Romae
1241 2757 1488 2821 quinque,
1498 2772 1657 2807 sexve

597 2827 883 2892 Perperna
912 2827 1129 2890 fuerint,
1150 2844 1367 2894 quorum
1398 2830 1502 2881 duo
1524 2831 1658 2885 Con·

596 2903 814 2965 sulares,
862 2902 1110 2953 Praetorii
1150 2904 1267 2965 alii;
1324 2912 1436 2955 tres
1479 2920 1656 2955 eorum

595 2976 739 3025 iuter
770 2991 829 3026 se
853 2978 1005 3041 plane
1027 2978 1259 3027 diversos
1283 2980 1545 3029 nominum
1568 2980 1657 3029 de·

598 3057 784 3113 ceptus
800 3051 1137 3100 similitudine
1158 3051 1411 3103 confudit.
1486 3055 1658 3109 Quem

598 3125 655 3173 in
677 3139 905 3174 errorem
928 3139 994 3175 ne
1016 3132 1129 3175 tute
1152 3126 1265 3189 ipse
1285 3127 1504 3191 incidas,
1544 3130 1655 3180 liaec

600 3198 803 3262 accipe.
864 3200 994 3248 Tres
1032 3201 1300 3264 praecipue
1333 3203 1561 3253 homiues
1596 3205 1660 3254 ab

599 3272 884 3321 Historicis
907 3281 1276 3336 memorantur,
1299 3277 1484 3340 quibus
1501 3281 1662 3328 omni-

599 3347 697 3396 bus·
715 3347 850 3397 idem
869 3348 1155 3412 Perpernae
1174 3365 1358 3400 nomeu
1377 3350 1475 3401 fuit
1492 3368 1507 3401 ε
1524 3357 1661 3403 ‘unus

601 3422 666 3485 is,
701 3422 787 3485 qui
824 3428 1006 3471 contra
1026 3420 1374 3474 Aristonicum
1394 3426 1580 3475 bellum
1603 3429 1655 3477 in

583 3494 731 3545 ,Asia
774 3498 965 3547 Consul
1008 3498 1186 3559 gessit,
1248 3507 1305 3549 et
1346 3502 1501 3561 paulo
1540 3510 1656 3565 post

601 3572 729 3622 obiit
750 3570 1027 3633 Pergami3
1062 3572 1193 3620 alter
1236 3572 1541 3635 Praetorius,
1572 3578 1660 3640 qui

560 3682 572 3693 .
600 3653 656 3696 et
676 3646 965 3696 Sertorium
986 3646 1041 3695 in
1064 3646 1318 3711 Hispania
1355 3650 1567 3713 occidit,
1603 3658 1660 3701 et

588 3720 739 3796 jussu
762 3721 999 3784 Pompeii
1014 3735 1176 3770 caesus
1198 3729 1307 3770 est:
1344 3730 1527 3772 neuter
1568 3740 1658 3774 au-

600 3804 707 3845 tem
730 3797 907 3846 borum
944 3794 1010 3846 ad
1046 3811 1291 3846 summam
1321 3800 1561 3861 pervenit
1581 3815 1659 3849 se·

599 3878 898 3931 nectutem3
935 3871 1025 3920 sed
1047 3871 1233 3920 tertius
1256 3874 1543 3939 Perperna,
1569 3878 1657 3939 qui

600 3959 716 3993 eum
739 3946 952 3995 Claudio
977 3946 1206 3995 Pulchro
1222 3947 1433 4007 Consul,
1456 3957 1512 3999 et
1535 3966 1654 4001 cum

601 4020 661 4068 1..
686 4020 889 4069 Marcio
912 4020 1159 4083 Philippo
1180 4021 1377 4071 Censor
1388 4022 1506 4086 fuit,
1528 4040 1660 4075 mor-

600 4096 823 4154 tuusque
861 4093 1043 4143 Romae
1080 4100 1162 4143 est
1184 4095 1281 4144 snb
1311 4096 1511 4150 initium
1534 4099 1656 4149 belli

598 4164 769 4214 civilis
781 4168 1080 4230 Caesariaui,
1090 4170 1313 4221 Lentulo
1329 4177 1393 4222 et⁴
1402 4172 1657 4225 Marcello

1737 2537 1796 2580 et
1814 2532 1988 2581 Dione
2018 2532 2110 2580 lib.
2136 2545 2270 2582 xm.-

1801 2605 1832 2635 ⁶
1864 2606 1966 2656 An.
1991 2608 2239 2659 M...⁹.968.
2294 2606 2383 2658 01.
2423 2612 2538 2658 1⁷8.
2562 2611 2612 2658 3.
2667 2607 2798 2658 Urb.

1738 2679 1800 2731 C.
1820 2686 1936 2734 667.
1968 2680 2096 2732 Ant.
2118 2683 2212 2733 Cb.
2234 2688 2316 2733 85.

1799 2761 1825 2787 ⁸
1855 2757 2005 2819 Appii
2023 2772 2131 2807 vero
2150 2756 2323 2820 mm]
2355 2757 2513 2807 Hunc
2543 2758 2700 2807 etiam
2721 2758 2799 2806 lo·

1743 2846 1879 2893 cum,
1916 2839 1976 2881 ut
1993 2833 2095 2881 alia
2109 2836 2294 2895 multa,
2331 2834 2570 2883 Valerius
2588 2832 2801 2896 repetiit

1742 2922 1773 2956 a
1792 2908 2060 2971 Cicerone,
2082 2909 2169 2973 qui
2194 2908 2422 2972 Appium
2446 2909 2633 2972 Pyrrhi
2659 2908 2799 2957 bello

1741 2982 1990 3043 grandem
2013 2984 2289 3032 admodum
2326 2982 2486 3033 fuisse
2507 2997 2572 3031 ex
2595 2997 2658 3033 eo
2678 2996 2798 3046 pro-

1740 3057 1860 3117 δαῖς
1905 3058 2042 3122 quod
2095 3061 2112 3087 ⁴
2133 3058 2336 3108 decimo
2383 3058 2606 3121 septimo
2661 3072 2797 3107 anno

1742 3139 1861 3196 post
1903 3134 2122 3181 alterum
2179 3132 2535 3193 Consulatum,
2583 3131 2798 3183 foederis

1742 3220 1858 3256 cum
1899 3207 2103 3269 Pyrrho
2140 3206 2466 3257 disturbandi
2503 3207 2706 3270 gratia:
2742 3209 2796 3255 in

1742 3282 1953 3330 Curiam
1996 3283 2196 3331 venerit
2221 3300 2236 3343 ;
2269 3291 2326 3332 et
2348 3284 2487 3333 inter
2508 3283 2639 3332 duos
2662 3282 2796 3331 Con·

1739 3357 1940 3405 sulatus
2002 3356 2121 3405 anni
2181 3357 2362 3407 decem
2418 3356 2795 3418 interfuissent,

1739 3431 2036 3494 Censorque
2071 3436 2194 3480 aute
2239 3433 2575 3481 Consulatum
2597 3430 2796 3495 superi-

1736 3518 1875 3553 orem
1896 3503 2100 3553 fuisset.

1804 3576 1824 3611 ¹
1851 3580 2094 3629 Plau-imus
2113 3580 2378 3644 clientelas]
2411 3580 2645 3630 Tenebat
2657 3578 2796 3629 enim

1737 3668 1841 3703 nou
1887 3654 2040 3703 modo
2076 3654 2460 3718 auctoritatem,
2501 3654 2592 3704 sed
2637 3652 2794 3703 etiam

1738 3728 2008 3793 imperium
2050 3728 2103 3777 in
2129 3744 2289 3790 suos3
2318 3728 2622 3779 metuebant
2641 3727 2798 3791 servi,

1739 3802 2052 3858 verebantur
2085 3804 2252 3867 liberi,
2273 3819 2449 3854 carum
2487 3818 2665 3853 omnes
2703 3803 2796 3851 ba·

1736 3878 1968 3939 bebant3
2002 3878 2210 3941 vigebat
2247 3880 2300 3927 in
2322 3880 2410 3927 illa
2433 3879 2586 3927 domo
2607 3885 2662 3927 et
2681 3890 2791 3926 mos

1737 3956 1934 4015 patrius
1952 3962 2008 4004 et
2030 3956 2324 4018 disciplina.
2390 3956 2476 4005 Ita
2518 3954 2700 4003 Cicero
2729 3950 2794 4002 in

1737 4026 1952 4078 Catone.
2002 4030 2088 4079 De
2109 4030 2242 4079 illius
2261 4031 2504 4080 caecitate
2525 4036 2580 4079 et
2595 4028 2794 4077 foedere

1736 4116 1850 4153 cum
1870 4103 2075 4168 Pyrrho
2092 4105 2314 4156 diximus
2333 4106 2424 4155 lib.
2438 4119 2478 4154 1.
2497 4120 2545 4155 c.
2571 4109 2619 4154 1.
2641 4118 2696 4153 n.
2713 4106 2794 4155 17.
