3144 4925
562 390 693 460 804
1124 405 1435 455 vannuu
1485 401 1776 452 maxim
1827 405 1976 455 ma.
2027 404 2187 453 vni.

652 558 715 621 4.
760 554 838 620 L.
868 560 1086 619 autem
1110 553 1322 636 Sylla,
1342 554 1475 618 etsi
1499 553 1588 616 ad
1605 553 1939 616 neminem
1967 553 2365 636 scriptorem
2383 553 2410 591 ⁸
2455 553 2750 619 animum

566 657 830 734 direxit,
860 662 1085 719 tamen
1112 654 1459 736 Iugurthae
1488 672 1532 716 a
1578 653 1850 717 Boccho
1871 661 1895 688 ⁸
1963 671 2116 734 rege
2161 654 2247 717 ad
2280 653 2571 718 Marium
2599 675 2752 737 per-

566 757 752 822 ducti
783 763 996 820 totam
1026 755 1158 818 sibi
1186 754 1457 818 laudem
1486 761 1670 818 tam⁹
1713 752 1958 836 cupide
2007 756 2316 831 asseruit,
2361 762 2436 820 ut
2476 756 2746 832 annu10,

564 875 701 939 qno
752 855 1114 936 signatorio
1172 855 1512 931 utebatur,
1584 853 1992 935 insculptam
2047 854 2231 918 illam
2288 854 2716 920 traditionem
2733 851 2758 890 ¹

563 940 869 1022 haberet.
959 955 1049 1019 Et
1074 962 1361 1040 quantus
1384 959 1439 992 ¹⁰
1479 955 1759 1037 postea!
1804 975 1889 1018 ne
1939 955 2276 1020 minimum
2310 954 2577 1038 quidem
2607 957 2751 1037 glo·

563 1059 683 1122 riae
710 1057 1067 1139 vestig-ium
1097 1055 1507 1134 contemsit.·

649 1157 714 1220 5.
758 1154 982 1239 Atque
1045 1163 1126 1219 ut
1178 1155 1688 1238 imperatoribus
1747 1154 2103 1236 gloriosum
2163 1154 2397 1218 militis
2441 1154 2750 1235 spiritum

568 1256 974 1333 subnectam,
1013 1257 1442 1339 Scipionem⁸
1502 1254 1683 1318 dona
1731 1254 2049 1318 militaria
2095 1254 2201 1330 iis,
2249 1253 2367 1336 qui
2418 1260 2747 1318 strenuam

566 1375 836 1438 operam
858 1357 1223 1433 ediderant,
1244 1353 1671 1431 dividentem,
1701 1353 1783 1417 Τ.
1803 1349 2186 1428 Labienu3‚¹²
2229 1356 2250 1386 ‘
2271 1358 2348 1416 ut
2360 1353 2517 1416 forti
2536 1355 2750 1435 equiti

564 1475 799 1520 aureas
844 1457 1141 1521 armillas
1192 1455 1553 1532 tribueret:
1595 1454 1973 1519 admonuitt
2031 1471 2248 1535 eoque
2289 1457 2566 1534 negante
2629 1458 2651 1489 ‘
2673 1473 2752 1517 se

564 1556 637 1619 id
664 1558 1011 1634 facturum,
1038 1575 1124 1618 ne
1151 1556 1507 1619 castrensis
1534 1555 1753 1619 honos
1783 1557 1852 1619 in
1879 1574 1986 1631 eo,
2029 1555 2150 1637 qui
2193 1555 2400 1636 paulo
2429 1560 2584 1618 ante
2614 1574 2748 1618 aer-

563 1656 802 1734 visset,
856 1655 1262 1733 violaretur,’
1312 1657 1459 1738 ipse
1509 1675 1601 1734 ex
1650 1655 1886 1738 praeda
1933 1653 2203 1718 Gallica
2254 1672 2489 1717 aurum
2539 1656 2749 1737 equiti

562 1756 845 1836 largitus
899 1761 1022 1819 eat.
1125 1755 1279 1819 Nec
1328 1756 1529 1819 tacite
1585 1754 1657 1818 id
1717 1755 1950 1838 Scipio
2006 1755 2190 1818 tulit:
2253 1774 2408 1818 nam
2464 1757 2746 1837 equiti,¹¹

566 1863 593 1889 ‘
616 1857 689 1919 H
693 1855 971 1932 abebis',’
998 1855 1235 1937 inquit,
1274 1859 1295 1889 ‘
1314 1853 1558 1919 donum
1585 1854 1712 1919 viri
1739 1851 2015 1918 divitis!
2101 1851 2304 1930 Quod
2334 1854 2450 1917 ubi
2487 1854 2602 1918 ille
2633 1874 2750 1918 ac-

564 1957 770 2038 cepit,
798 1957 1100 2039 projecto
1130 1963 1289 2019 ante
1330 1956 1539 2037 pedes
1576 1955 1860 2019 Labieni
1915 1973 2102 2030 auro,
2148 1955 2404 2017 vultum
2453 1954 2748 2020 demisit.

563 2054 757 2119 Idem
783 2062 855 2120 ut
882 2056 1092 2120 audiit
1130 2055 1517 2138 Scipionem
1554 2054 1904 2131 dicentem,
1957 2058 1978 2088 ‘
1999 2054 2368 2136 Imperator
2409 2060 2475 2117 te
2516 2073 2746 2134 argen-

561 2156 703 2218 teis‘
746 2154 1027 2219 armillis
1080 2155 1328 2218 donat:
1353 2152 1371 2180 ’
1441 2154 1664 2216 alacer
1716 2153 1960 2235 gaudio
1987 2160 2036 2189 ¹²
2095 2154 2304 2217 abiit-t
2391 2153 2606 2219 Nulla
2647 2160 2753 2220 est

565 2273 724 2334 ergo
752 2261 943 2318 tanta
969 2255 1333 2332 humilitaS,
1363 2271 1519 2335 quae
1552 2253 1902 2318 dulcedine
1932 2255 2162 2337 gloriae
2191 2273 2330 2318 non
2357 2259 2682 2337 tangatur,

1478 2384 1511 2403 O

564 2465 701 2527 conj,
722 2465 865 2513 etiam
885 2467 1203 2517 redeam—8
1233 2466 1321 2516 Sic
1344 2467 1593 2532 Pighius3
1627 2470 1679 2519 in
1702 2468 1875 2520 multis
1898 2469 2032 2518 Edd.
2056 2475 2178 2517 ante
2216 2466 2382 2529 ipsum
2421 2474 2553 2528 erat,
2583 2470 2645 2517 ud
2664 2484 2744 2517 ne·

561 2529 735 2577 mmm
754 2529 1049 2591 scriptorum.
1116 2530 1243 2579 Mox
1268 2532 1416 2581 Harl.
1448 2539 1504 2581 et
1542 2534 1721 2583 Leidd.
1758 2534 1876 2593 duo,
1907 2533 2167 2581 direxerit.-
2199 2531 2430 2579 nonnulli
2455 2530 2628 2592 Occho,
2661 2534 2745 2581 vel

567 2592 691 2639 0000
710 2606 838 2651 rege.
904 2593 1195 2642 Duodecim
1218 2594 1371 2644 codd.
1392 2597 1608 2655 Tprren.
1629 2599 1691 2646 ud
1711 2596 1926 2644 Marium
1942 2599 2182 2657 perducto,
2217 2597 2298 2643 vel
2323 2597 2579 2656 produnt»,-
2613 2602 2669 2643 ut
2689 2596 2744 2645 iu

564 2654 869 2716 quibusdam
892 2656 1013 2705 edd.
1034 2656 1125 2705 sed
1148 2656 1335 2719 Ultraj.
1357 2662 1407 2706 2.
1434 2659 1580 2709 Leid.
1600 2664 1651 2709 θ.
1691 2667 1747 2708 et
1783 2660 1928 2721 Mog.
1957 2659 2288 2719 ’καὶκαὶ-9
2319 2659 2403 2705 Sic
2435 2658 2587 2719 Pigh.
2627 2673 2743 2708 cum

562 2717 715 2766 codd.
739 2726 793 2765 et
817 2718 961 2779 Mog.
984 2724 1081 2767 tam
1104 2721 1349 2769 omittunt
1370 2723 1541 2784 vulgg.
1595 2722 1799 2771 Deinde
1821 2724 2102 2783 insculptam
2122 2716 2328 2769 refinxit
2349 2720 2566 2778 Pighius
2589 2736 2616 2767 e
2639 2722 2744 2770 suia

562 2780 719 2830 codd.
742 2780 877 2843 quod
902 2780 1109 2830 firmant
1142 2784 1374 2846 plerique
1406 2784 1714 2834 Torreniani
1753 2792 1809 2833 et
1841 2786 1988 2847 Mog.
2025 2786 2254 2845 scalptam
2288 2782 2447 2832 Aldd.
2486 2784 2654 2845 Colin.
2691 2792 2747 2833 et

564 2842 768 2905 Gryph.
803 2845 1033 2903 sculptam
1056 2844 1270 2895 Venett.
1289 2847 1508 2897 Mediol.
1545 2847 1763 2898 Ascens.
1788 2857 1842 2898 et
1863 2848 2172 2908 steph—10
2211 2849 2277 2895 Et
2309 2852 2512 2909 quantus
2547 2852 2746 2909 quantus

560 2907 700 2968 conj.
723 2905 1089 2956 Perizon.—ll
1128 2909 1293 2958 Codd.
1329 2911 1541 2961 Tor-reu.
1579 2912 1732 2974 longe
1778 2912 1999 2973 plurimi,
2042 2924 2238 2971 namque
2279 2910 2447 2972 equiti,
2490 2918 2545 2957 ut
2595 2919 2744 2959 extat

560 2983 766 3033 quoque
789 2970 842 3018 in
867 2971 1141 3033 Mog.—l2
1176 2973 1326 3021 Harl.
1350 2972 1522 3023 Bitur.
1548 2978 1596 3023 1.
1618 2981 1675 3024 et
1696 2975 1840 3024 Leid.
1859 2979 1910 3024 6.
1931 2974 2078 3023 azaer-i
2095 2974 2288 3035 gaudio.
2349 2974 2452 3021 Sed
2472 2971 2541 3021 cf.
2560 2973 2740 3024 Burin.

1546 3082 1762 3134 NOTAE

623 3177 647 3204 ⁸
676 3174 723 3219 A
762 3172 971 3236 Boccho]
1002 3174 1332 3225 Mauritania».
1372 3177 1536 3243 Rege,
1578 3195 1610 3229 a

560 3258 661 3307 quo
681 3244 941 3306 Jugurtha
958 3249 1113 3312 Synae
1146 3252 1367 3299 traditus
1398 3261 1497 3317 est,
1532 3256 1609 3305 uti

556 3325 735 3367 narrat
755 3321 988 3381 pluribus
1008 3324 1292 3375 Sallustius.

619 3392 641 3427 ¹
656 3394 945 3457 Insculptum
965 3397 1095 3445 illam
1117 3398 1442 3463 traditionem]
1466 3400 1606 3452 Hinc

554 3468 721 3533 prima
738 3471 964 3519 Marium
981 3472 1116 3520 inter
1136 3479 1190 3520 et
1206 3474 1393 3535 Syllam
1409 3475 1607 3527 dissidii

555 3558 742 3606 causa3
777 3547 915 3609 quod
943 3546 1085 3609 capti
1102 3546 1371 3609 sugat-thee
1391 3549 1606 3613 gloriam

553 3624 773 3683 uterque
796 3620 895 3667 sibi
917 3619 1219 3670 vindicaret.

616 3700 644 3736 t
690 3691 979 3756 Scipionem]
1033 3694 1319 3758 Metellum,
1369 3697 1606 3762 Pompeii

554 3786 813 3834 socerum,
834 3773 921 3837 qui
944 3788 975 3821 a
997 3774 1203 3823 Caeaare
1224 3775 1278 3824 in
1299 3774 1477 3827 Africa
1498 3779 1602 3828 vic-

554 3853 640 3895 tas
674 3855 773 3896 est.
1130 3874 1137 3885 ·

617 3919 645 3953 ¹¹
680 3923 734 3971 Τ.
757 3922 1012 3985 Labienus]
1042 3923 1166 3972 Duo
1198 3921 1431 3987 Labieni,
1452 3932 1605 3988 pater

552 4000 609 4045 et
638 3994 793 4058 filius,
812 3997 878 4046 ab
904 3998 1181 4048 Historicis
1222 4010 1602 4064 memorantur-3

554 4082 767 4132 quorum
788 4072 925 4121 alter
960 4088 1055 4136 pro
1085 4074 1347 4140 Romanis,
1381 4078 1604 4139 primum

506 4162 511 4169 ·
554 4148 737 4191 contra
766 4144 960 4209 Gallos,
998 4147 1187 4198 deinde
1218 4158 1397 4200 contra
1430 4152 1604 4203 Carsa-

1687 3195 1821 3242 rem3
1857 3182 1992 3230 alter
2015 3196 2108 3243 pro
2130 3178 2334 3229 Parthis
2355 3184 2540 3229 contra
2558 3179 2740 3227 Roma·

1687 3269 1777 3303 nos
1798 3256 1988 3305 bellum
2010 3254 2137 3304 fecit
2155 3271 2171 3302 z
2206 3259 2356 3317 pater
2374 3254 2452 3302 vir
2477 3253 2616 3301 bello
2639 3250 2738 3300 for·

1687 3330 1908 3379 tissimus
1930 3332 2023 3379 sub
2040 3332 2247 3379 Caesare
2268 3329 2472 3390 legatus
2494 3327 2547 3377 in
2571 3327 2742 3377 Gallia

1686 3418 1768 3452 res
1791 3420 2000 3468 magnas
2019 3406 2211 3468 gessit3
2245 3404 2335 3453 ubi
2357 3417 2480 3452 vero
2497 3403 2561 3452 ad
2586 3404 2740 3455 Pom·

1690 3482 1860 3544 peium
1895 3480 2111 3542 defecit,
2151 3481 2316 3529 tribus
2349 3479 2400 3527 in
2441 3478 2648 3541 praeliis,
2673 3478 2738 3527 ad

1687 3556 2011 3619 Pharsalum,
2031 3556 2096 3605 ad
2131 3556 2337 3604 Uticam
2375 3554 2430 3601 in
2453 3552 2650 3614 Africa,
2672 3554 2736 3604 ad

1686 3631 1935 3681 Mundam
1973 3631 2140 3681 victus
2173 3637 2290 3679 θείς
2326 3642 2542 3693 quornm
2575 3628 2628 3676 in
2651 3642 2740 3675 ex-

1685 3710 1850 3754 tremo
1872 3704 2080 3756 fortiter
2109 3704 2355 3753 dimicans
2375 3701 2590 3751 cecidit.
2656 3702 2740 3750 Fi-

1681 3780 1777 3828 lius
1800 3794 1923 3829 vero
1956 3796 1987 3829 a
2026 3780 2274 3842 Pompeio
2308 3778 2488 3827 missus
2510 3777 2574 3826 ad
2609 3778 2738 3825 Par·

1684 3855 1798 3903 thos
1820 3855 1869 3901 in
1893 3855 2042 3917 Syria
2065 3857 2320 3904 Romanos
2347 3852 2487 3900 fudit
2518 3852 2740 3915 soepius3

1683 3929 1774 3995 sed
1820 3929 2026 3979 tandem
2075 3944 2192 3977 cum
2247 3928 2450 3976 Pacoro
2491 3927 2662 3975 victus
2704 3939 2737 3974 a

1684 4006 1928 4055 Ventidio
1949 4019 2112 4055 coesus
2135 4010 2231 4053 est.

1747 4089 1770 4134 †
1793 4080 1892 4129 An.
1914 4081 1989 4130 Μ.
2011 4083 2158 4131 4008.
2235 4077 2324 4129 01.
2350 4082 2465 4128 183.
2489 4081 2537 4127 3.
2603 4076 2733 4126 Urb-

1683 4152 1743 4203 C.
1766 4158 1880 4203 ⁷⁰⁶1.
1900 4154 2023 4205 Ant.
2044 4155 2140 4205 Ch.
2155 4157 2240 4205 45.
