3144 4925
572 389 705 458 ⁷86

572 566 697 634 pro
724 543 960 612 eodem
988 541 1359 608 orationem
1404 536 1776 605 clarissima
1818 540 1886 600 et
1933 534 2343 600 suavissima
2389 551 2564 598 voce
2607 533 2775 598 reci-

572 649 809 721 tasset,
870 639 1349 708 admirantibus
1406 637 1668 702 cunctis
1725 635 2076 716 utriusque
2129 634 2490 698 voluminis
2513 640 2573 682 ¹4
2631 634 2771 698 elo-

574 745 943 829 quentiam,
972 741 1091 806 sed
1116 740 1463 822 aliquanto
1508 735 1725 819 magis
1775 734 2254 801 Demosthenis
2279 754 2297 799 ε
2321 746 2346 772 ⁶
2409 739 2432 768 ‘
2458 733 2644 812 Quid
2671 733 2772 810 εἰ]

569 845 815 928 inquit,
859 843 1121 926 ‘ipsum
1164 837 1563 904 audissetis!
1584 836 1602 864 ’
1663 835 1930 900 Tantus
1975 840 2218 912 orator,
2269 843 2340 900 et
2385 835 2590 899 modo
2633 841 2772 912 tam

572 945 852 1012 infestus
880 940 1326 1016 adversariae,
1378 938 1481 1003 sic
1526 936 1782 1002 inimici
1822 937 1986 1013 vim,
2037 936 2474 1018 ardoremque
2502 934 2776 1000 dicendi

574 1045 906 1127 suspexit,
936 1047 1016 1106 ut
1054 1046 1077 1075 ‘
1100 1059 1173 1104 se
1202 1039 1608 1122 scriptorum
1659 1035 1806 1120 ejus
1841 1055 2075 1118 parum
2104 1034 2420 1098 idoneum
2448 1036 2774 1101 lectorem

574 1162 729 1208 esse
750 1142 770 1170 ’
812 1141 1247 1226 praedicaret:
1273 1143 1322 1184 ¹⁵
1388 1143 1712 1219 expertus
1763 1135 2153 1200 acerrimum
2200 1135 2540 1198 oculorum
2586 1135 2773 1215 vigo-

572 1264 739 1321 rem,
766 1240 1055 1307 terribile
1083 1238 1310 1305 vultus
1348 1236 1638 1321 pondus,
1684 1235 2273 1299 accommodatum
2321 1235 2603 1316 singulis
2631 1253 2775 1298 ver-

572 1344 683 1408 bis
730 1361 963 1408 sonum
1003 1337 1278 1415 vociS,¹⁶
1319 1337 1826 1402 efficacissimos
1875 1337 2176 1418 eorporis
2225 1335 2506 1398 motus!
2591 1333 2768 1418 Ergo

574 1446 702 1510 etsi
731 1443 924 1527 operi
949 1441 1135 1506 illius
1183 1438 1387 1524 adjici
1431 1438 1592 1502 nihil
1639 1443 1881 1520 potest,
1926 1442 2150 1500 tamen
2199 1437 2268 1498 in
2321 1435 2769 1499 Demosthene

573 1564 814 1627 magna
840 1561 1003 1626 pars
1034 1540 1509 1606 Demosthenis
1538 1541 1738 1604 abest
1761 1559 1779 1619 ;
1823 1537 2004 1621 quod
2032 1537 2278 1620 legitur
2298 1537 2553 1620 potine,
2577 1555 2773 1618 quam

578 1645 863 1709 auditur.

1174 397 1487 450 vALmul
1534 393 1828 446 Msxlm
1879 394 2026 442 mn.
2057 395 2220 442 vul.

638 1829 659 1856 ⁸
680 1822 815 1874 Dum
852 1835 1010 1871 omnes
1040 1820 1327 1872 mirarentur
1356 1819 1671 1886 eloquentiam
1707 1818 1947 1868 amborum
1979 1819 2172 1866 illorum
2211 1817 2488 1877 Oratorem
2522 1817 2601 1866 sed
2633 1817 2774 1880 paulo

572 1886 728 1950 magis
749 1885 1096 1936 Demosthenis.

1498 1977 1856 1998 “me“

574 2079 706 2126 —14
740 2074 756 2102 ‘
775 2073 841 2122 Id
864 2079 963 2134 est,
982 2073 1249 2134 orationis,
1268 2072 1505 2137 huncque
1527 2074 1831 2134 lectionem,
1865 2087 2016 2136 quam
2039 2070 2271 2121 nonnulli
2293 2071 2423 2121 Mss.
2447 2077 2506 2119 et
2525 2072 2668 2134 Meg.
2685 2072 2776 2120 ha·

574 2139 719 2199 bent,
738 2137 790 2186 in
813 2142 1016 2186 textum
1048 2136 1254 2200 recepit
1283 2137 1587 2198 Torrenius,
1619 2152 1738 2187 cum
1772 2137 2004 2200 Pighius,
2041 2136 2278 2194 Celer-us,
2313 2135 2552 2184 vorstius
2583 2135 2776 2200 aliique

575 2201 845 2250 dedissent
865 2199 1127 2261 columinis,
1148 2200 1183 2249 i.
1206 2213 1252 2249 e.
1275 2199 1647 2249 Demosthenis
1669 2206 1728 2250 et
1750 2197 2042 2249 AEschinis.’
2071 2199 2236 2262 Kapp.
2269 2198 2506 2247 volimim‘s
2545 2197 2692 2248 Leid.
2726 2203 2779 2250 2.

574 2263 793 2313 culminis
814 2261 960 2311 Leid.
982 2267 1031 2311 1.
1054 2262 1214 2311 Barb.
1239 2266 1287 2310 1.
1306 2269 1362 2311 et
1383 2262 1506 2313 Par.
1528 2267 1579 2314 4.
1601 2262 1848 2313 voluminis
1880 2269 1966 2313 est
2001 2263 2302 2324 conjectura
2335 2263 2517 2311 Barth.
2549 2261 2773 2311 Advers-

578 2341 683 2378 vu.
705 2330 883 2376 1.—15
904 2327 991 2375 Sic
1010 2325 1225 2375 Torren.
1248 2339 1316 2374 ex
1336 2325 1487 2376 codd.
1510 2333 1565 2376 et
1585 2327 1704 2376 edd.
1727 2335 1858 2376 vett.
1884 2326 2176 2387 revocavit3
2200 2325 2416 2389 Pighius
2436 2325 2638 2387 legerat
2659 2340 2778 2374 cum

571 2391 706 2454 aliis,
726 2391 939 2448 «inheret,⁸
962 2401 1091 2438 uuus
1116 2394 1271 2452 atque
1292 2390 1417 2439 item
1442 2390 1576 2440 alter
1607 2390 2038 2454 proedioeretae-lss
2076 2390 2267 2454 Copes.
2299 2389 2557 2439 terribilem
2593 2391 2775 2438 vultum

576 2488 722 2507 .....
742 2453 919 2517 verbis,
939 2453 1064 2503 vocis
1080 2468 1258 2503 sonum.

1563 2564 1612 2614 N
1619 2562 1776 2622 0⁹1·AE

574 2676 689 2739 ciis,
705 2676 820 2740 ipso
830 2674 1085 2725 Cicerone
1100 2678 1256 2735 teste,
1272 2678 1421 2724 tenet
1442 2673 1634 2737 princi·

577 2757 779 2814 patum.
850 2750 1013 2799 Erant
1054 2747 1173 2797 dure
1204 2746 1351 2811 leges
1395 2747 1638 2810 Athenis,

574 2838 788 2891 quarum
829 2825 997 2873 altera
1030 2828 1239 2872 cautum
1276 2828 1409 2887 erat,
1433 2837 1499 2873 ne
1520 2823 1634 2887 quis

576 2899 759 2965 populi
790 2897 977 2947 scitum
1010 2896 1232 2960 faceret,
1274 2902 1338 2946 ut
1370 2898 1634 2962 quisquam

574 2990 766 3027 corona
798 2974 1078 3026 donaretur
1098 2976 1150 3025 in
1181 2976 1495 3039 Magistratu
1529 2978 1634 3039 pri·

574 3066 791 3117 usquam
815 3052 1043 3101 rationes
1076 3050 1361 3101 retulisset.
1426 3051 1633 3115 Altera,

574 3141 643 3177 ne
680 3126 794 3190 quis
834 3141 866 3174 a
907 3126 1099 3191 populo
1136 3131 1289 3176 extra
1330 3126 1632 3177 concionem

575 3214 769 3249 corona
807 3199 1102 3251 donaretur.
1170 3200 1301 3251 Cum
1330 3200 1491 3250 muris
1514 3200 1631 3251 refi-

574 3273 773 3323 ciendis
796 3279 1007 3325 curstor
1027 3273 1215 3325 fuisset
1233 3275 1632 3338 Demosthenes,

577 3362 772 3414 eosque
794 3347 1066 3401 refecisset
1088 3349 1313 3413 pecunia
1328 3363 1439 3413 sus,
1461 3349 1629 3399 Ctesi-

574 3428 711 3489 phon
744 3425 933 3477 scitum
967 3422 1113 3489 fecit,
1138 3424 1290 3475 nullis
1314 3424 1383 3475 ab
1415 3438 1477 3473 eo
1508 3426 1632 3475 rati-

574 3499 757 3551 onibus
800 3499 995 3563 relatis‚
1037 3508 1096 3550 ut
1139 3514 1331 3550 corona
1373 3513 1529 3549 aurea
1577 3500 1632 3550 in

1715 2673 2151 2739 nevolentioeque,
2180 2688 2332 2739 quam
2371 2683 2492 2735 erga
2525 2674 2772 2737 populum

1713 2747 2082 2798 Atheniensem
2117 2747 2355 2798 haberet.
2423 2748 2579 2797 Hunc
2611 2748 2774 2811 igitur

1715 2822 2106 2887 Ctesiphontem
2147 2822 2203 2871 in
2241 2822 2501 2889 ⁸iudicium
2556 2823 2777 2873 adduxit

1712 2902 1996 2965 AEschines,
2029 2901 2169 2967 quod
2203 2909 2388 2953 contra
2425 2902 2565 2966 leges
2606 2903 2770 2965 serip-

1713 2976 1882 3038 sisset,
1925 2977 1983 3026 ut
2032 2982 2088 3026 et
2131 2976 2412 3027 rationibus
2449 2991 2551 3026 non
2594 2977 2772 3027 relatis

1713 3065 1906 3101 corona
1927 3051 2212 3101 donaretur
2224 3070 2241 3114 ;
2273 3058 2330 3100 et
2350 3058 2411 3101 ut
2445 3050 2498 3099 in
2529 3051 2732 3101 theatro
2751 3068 2767 3101 z

1713 3125 1957 3192 quodque
1989 3127 2058 3175 de
2093 3128 2288 3177 virtute
2316 3127 2429 3190 ejus
2459 3136 2516 3175 et
2545 3126 2769 3177 benevo-

1713 3203 1878 3252 lentia
1897 3200 2030 3251 falsa
2064 3200 2375 3265 scripsisset,
2399 3200 2640 3265 quoniam
2661 3202 2768 3251 De-

1709 3278 2001 3327 mosthenes
2035 3290 2133 3326 nec
2175 3276 2257 3327 vir
2293 3276 2460 3326 bonus
2491 3281 2650 3337 esset,
2670 3290 2768 3325 uec

1710 3353 1842 3405 bene
1863 3352 2077 3403 meritus
2099 3351 2166 3402 de
2180 3351 2415 3403 civitate.
2480 3352 2567 3403 Ita
2588 3351 2766 3401 Cicero

1710 3426 1778 3477 de
1802 3427 1934 3491 Opt.
1959 3427 2363 3483 Gen-Dicendi.

1776 3503 1926 3555 *An.
1943 3504 2024 3555 Μ.
2045 3504 2313 3555 vuol.
2338 3506 2450 3553 112.
2475 3506 2526 3553 3.
2550 3501 2680 3553 Urh.
2706 3502 2768 3553 C-

572 3578 780 3629 theatro
814 3576 1112 3640 donaretur,
1142 3581 1298 3639 atque
1328 3576 1403 3623 ita
1439 3574 1630 3637 praedi·
1707 3581 1826 3631 423.
1854 3578 1982 3631 Ant.
2001 3578 2094 3631 ch.
2117 3581 2230 3628 329.

576 3658 783 3705 caretur
802 3665 919 3701 eum
934 3650 1114 3703 donari
1134 3650 1347 3701 virtutis
1374 3663 1521 3715 ergo,
1540 3650 1630 3702 be-
