3144 4925
925 381 1087 428 car.
1120 381 1282 428 vm.
1328 381 1425 428 nu
1472 382 1985 433 TEMERITAT‘E.
2415 371 2544 442 865

356 523 933 589 consummatione
984 523 1157 587 civis
1203 523 1523 600 eximiuS,
1571 531 1846 608 propter
1894 525 2106 592 falsas
2157 533 2222 592 et
2269 530 2500 596 inanes
2518 535 2543 572 ⁸

357 623 807 706 suspiciones»,
838 622 908 686 in
941 624 1189 687 castris
1242 624 1328 686 ab
1374 624 1674 688 exercitu
1723 626 2066 707 lapidibus
2115 629 2540 698 obrueretur:

354 724 668 807 quodque
696 724 1158 788 accessionem
1208 725 1686 806 indignationis
1715 747 1846 792 nou
1874 728 2136 810 recipit,
2184 733 2398 795 oranti
2443 739 2543 798 at-

356 844 485 906 que
507 823 883 890 obsecranti
914 825 1071 888 duci
1102 845 1144 890 a
1175 826 1497 892 militibus
1520 845 1745 893 causae
1775 829 2072 896 dicendae
2102 837 2404 914 potestas
2429 854 2542 898 ne·-

354 931 515 1006 gata
543 931 697 991 est*

1268 1073 1647 1126 Ex'rERNA.

437 1193 503 1256 1.
552 1192 797 1272 Itaque
825 1189 1043 1254 minus
1072 1192 1273 1257 miror
1300 1195 1478 1276 apud
1510 1201 1782 1273 trucem,
1802 1201 1867 1261 et
1895 1215 2150 1263 saevum
2177 1197 2530 1264 Hanniba-

352 1295 438 1358 lis
470 1293 760 1357 animum
793 1291 1205 1357 defensionis
1234 1295 1455 1359 locum
1476 1297 1756 1361 innoxio
1778 1299 2198 1380 gubernatori
2226 1320 2356 1364 non
2378 1309 2406 1350 ⁹
2433 1299 2538 1364 fu-

353 1395 525 1458 isse:
569 1413 765 1476 quem
790 1413 833 1458 a
862 1393 1116 1458 Petilia
1143 1396 1364 1460 classe
1388 1393 1686 1462 Africam
1714 1404 2026 1480 repetens
2045 1407 2071 1444 ⁸
2111 1400 2280 1464 freto
2303 1401 2544 1484 appul-

354 1491 526 1571 sus,¹²
568 1493 724 1557 dum
753 1501 892 1557 tam
921 1513 1130 1576 parvo
1160 1493 1420 1579 spatio¹
1462 1495 1735 1561 Italiam
1782 1497 2220 1583 Siciliamque
2263 1500 2429 1564 inter
2459 1519 2534 1564 se

355 1593 613 1686 divisas
642 1613 777 1657 non
806 1591 1039 1672 credit,
1068 1595 1251 1660 velut
1279 1596 1680 1661 insidiosum
1708 1617 1942 1663 cursus
1971 1606 2295 1664 rectorem
2326 1602 2540 1664 inter··

354 1694 555 1758 emit:
600 1699 969 1778 posteaque
997 1695 1385 1778 diligentius
1430 1699 1736 1781 inspecta
1763 1702 2062 1778 veritate,
2112 1708 2271 1766 tunc
2312 1699 2539 1763 absol-

353 1796 472 1873 vit,
505 1815 655 1860 cum
701 1796 849 1880 ejus
893 1796 1303 1861 innocentiae
1333 1797 1500 1862 nihil
1526 1799 1704 1864 ultra
1733 1800 2020 1882 sepulcri
2049 1801 2362 1864 honorem
2393 1799 2539 1864 dari

354 1897 632 1978 potuit.·
696 1895 910 1979 Igitur
938 1897 1205 1980 angusti
1241 1902 1442 1980 atque
1474 1900 1760 1964 aestuosi
1788 1901 1992 1964 maris
2016 1901 2150 1965 alto
2169 1920 2208 1963 e
2229 1899 2542 1965 tumulum

354 1996 766 2080 speculatrix
797 2001 1044 2074 statua,
1069 2004 1204 2063 tam
1233 1999 1566 2064 memoriae
1596 1998 1872 2079 Pelori,j
1898 2020 2099 2084 quam
2133 2001 2414 2065 Punicae
2446 2006 2542 2064 te-

352 2097 705 2176 meritatis,
733 2097 909 2162 ultra
955 2099 1255 2185 citraque
1302 2098 1758 2180 navigantium
1809 2100 2024 2167 oculis
2069 2101 2475 2166 collocatum
2492 2109 2538 2138 ¹¹

355 2197 675 2263 indicium
703 2205 823 2263 est.

1260 2292 1624 2318 Onnum

351 2395 565 2452 omittit,
585 2396 847 2452 etimne„
878 2397 1061 2459 copes.
1083 2396 1249 2457 delet,
1283 2396 1332 2444 in
1362 2397 1554 2446 castria-
1619 2396 1749 2443 Mox
1787 2409 1883 2458 pro
1921 2395 2089 2458 recipie
2126 2393 2264 2459 quod
2299 2394 2536 2444 restituit

354 2456 505 2523 Pigh.
528 2466 585 2508 et
604 2466 863 2509 testantur
886 2459 1037 2509 codd.
1054 2474 1171 2509 cum
1191 2461 1317 2510 Vet.
1342 2461 1487 2523 Mog.
1510 2457 1728 2508 Medion.
1754 2467 1809 2509 et
1831 2457 1987 2508 Aldd.
2009 2458 2185 2507 multoe
2208 2457 2329 2508 edd.
2354 2458 2548 2507 habent

352 2522 646 2586 recepit.—9
678 2523 742 2570 In
776 2523 953 2570 multis
987 2521 1107 2572 edd.
1131 2531 1252 2571 ante
1274 2523 1424 2583 Pigh.
1449 2522 1631 2571 deerat
1650 2537 1742 2570 mm
1762 2538 1785 2580 ,·
1817 2520 2032 2570 Ascena.
2058 2521 2224 2580 dedit,
2240 2520 2546 2581 gubernatori

352 2587 557 2645 defuisse
570 2601 591 2644 ,·
625 2585 717 2635 sed
739 2585 993 2644 mfuioee
1014 2586 1065 2634 in
1090 2585 1479 2649 quamplurimis
1500 2592 1583 2634 est
1602 2582 1756 2633 codd.
1808 2584 1973 2633 Paulo
1997 2588 2116 2647 post
2138 2584 2369 2632 nonnulli
2389 2584 2544 2635 codd.

352 2650 568 2699 Torren.
601 2664 694 2699 nou
730 2650 1078 2700 credidie.—-1⁰
1111 2650 1197 2698 Ita
1230 2662 1295 2697 ex
1318 2648 1469 2701 codd.
1510 2647 1760 2709 Pighius;
1794 2654 1870 2711 vet,
1887 2648 1964 2696 ita
1985 2661 2185 2721 quoque
2206 2647 2400 2695 Braud.
2424 2651 2470 2697 1.
2493 2652 2545 2696 2.

352 2713 519 2762 Aldus
538 2712 775 2763 ediderat
795 2716 858 2762 ex
877 2714 974 2761 auo
996 2714 1317 2761 tumulae-11
1349 2712 1365 2739 ‘
1382 2712 1471 2761 Sic
1490 2712 1672 2760 Vorst.
1689 2717 1746 2759 et
1761 2710 1975 2759 Torren.
1988 2708 2294 2772 jubentibus
2311 2710 2543 2757 omnibus

355 2775 469 2825 fere
492 2776 645 2827 codd.
681 2784 738 2825 et
774 2775 893 2825 edd.
932 2782 1061 2826 vett.
1100 2778 1383 2825 Collocutum
1407 2781 1738 2824 construatur
1769 2788 1885 2822 cum
1921 2773 2166 2822 indicium.
2231 2772 2442 2835 Pighius
2477 2786 2545 2820 ex

354 2841 535 2903 Camp.
554 2841 700 2889 oculis
719 2839 1013 2903 expositam3
1050 2840 1267 2889 Colerus
1290 2839 1537 2887 audacter
1560 2851 1626 2886 ex
1649 2836 1787 2898 conj.
1809 2838 2075 2893 oculatum3
2107 2835 2388 2885 Alddesoe.
2406 2836 2545 2883 eollo-

353 2908 480 2965 catn,
520 2918 593 2953 sc.
615 2911 805 2953 statua.
868 2903 1112 2953 Perizoo.
1144 2904 1160 2931 ‘
1180 2902 1376 2963 Forte,'
1416 2902 1599 2965 inquit,
1633 2900 1941 2961 ‘legendum
1979 2915 2031 2948 eo
2063 2899 2238 2959 oblata,
2272 2899 2355 2947 vel
2386 2912 2547 2960 expo-

353 2966 580 3015 nendum
605 2969 826 3015 collocata
845 2967 898 3015 iu
929 2968 1091 3029 oculis,
1123 2967 1205 3014 vel
1236 2968 1458 3015 collocata
1491 2965 1592 3013 illic
1611 2963 1838 3012 indicium
1859 2968 1931 3011 est
1961 2963 2140 3011 oculis:
2205 2963 2393 3011 Fateor
2423 2963 2549 3010 lect.
2603 2970 2606 2973 ’

352 3030 501 3077 oculis
536 3032 803 3079 collocatum
834 3029 959 3079 'mihi
996 3046 1099 3079 non
1138 3031 1262 3078 satis
1299 3030 1523 3091 placere,
1562 3041 1732 3091 neque
1771 3034 1944 3075 tamen
1979 3026 2194 3081 aliorum
2229 3024 2350 3073 edd.
2389 3024 2546 3079 lectio

354 3093 535 3142 melior
555 3092 679 3142 mihi
700 3093 922 3143 videtur.
987 3095 1128 3156 Ergo
1148 3092 1378 3142 retinui.'
1412 3094 1577 3154 Kapp.
1609 3105 1750 3154 quum
1781 3090 2016 3139 memorie
2038 3088 2234 3138 habent
2267 3090 2456 3152 copes.
2489 3095 2548 3137 et

1341 3238 1393 3287 N
1399 3236 1561 3288 OTAE

355 3350 608 3402 terfectua
630 3352 823 3403 dicitur
854 3369 886 3403 a
908 3354 1055 3405 Livio
1075 3355 1127 3404 in
1147 3352 1293 3416 Epit.
1312 3350 1406 3415 lib,
1488 3347 1614 3397 olim
1655 3360 1773 3395 cum
1815 3344 1974 3395 Italia
2014 3343 2242 3395 Siciliam
2287 3346 2549 3391 testantur

356 3439 526 3476 mxxv.
564 3428 662 3477 hoc
697 3426 952 3490 flagitium
986 3444 1089 3479 non
1126 3426 1408 3476 vindicavit
1486 3419 2062 3485 Sallustiu8,8trabo,et
2077 3418 2354 3481 Virgilian
2379 3416 2548 3465 ‘Haee

355 3502 515 3563 Sylla,
538 3517 655 3551 cum
686 3502 885 3553 diceret
924 3505 1231 3567 promtiores
1265 3504 1408 3553 habi.
1488 3497 1607 3546 loca
1629 3496 1680 3546 vi
1716 3494 1974 3559 quondam
2003 3501 2151 3542 vasta
2179 3492 2422 3541 convulsa
2444 3490 2551 3537 rui-

357 3584 527 3625 turum
567 3592 622 3625 se
656 3578 863 3641 milites,
890 3577 1010 3627 dum
1028 3580 1197 3629 scelus
1220 3578 1405 3628 admig-
1487 3585 1557 3619 na
1579 3569 1884 3619 Dissiluisse
1916 3567 2128 3616 ferunt:
2165 3579 2281 3613 cum
2318 3562 2550 3625 protinus

360 3664 471 3700 sum
495 3652 750 3701 eluerent.
1488 3651 1712 3707 utraque
1735 3643 1890 3692 tellus
1914 3643 2034 3692 Una
2045 3639 2219 3702 foret,'
2241 3643 2338 3687 &m

421 3733 447 3784 ς
481 3726 583 3777 An,
609 3728 686 3775 Μ,
710 3730 859 3777 3965.
883 3725 970 3775 01.
995 3731 1107 3777 1⁷2.
1128 3732 1177 3778 4,
1197 3726 1327 3777 urb,
1349 3728 1409 3776 c,
1557 3719 1590 3748 ⁸
1622 3722 1722 3767 An.
1745 3720 1822 3767 Μ.
1844 3722 1993 3768 3851.
2017 3717 2112 3767 01.
2132 3719 2241 3765 144.
2264 3718 2314 3763 2.
2337 3712 2467 3762 Urb.
2489 3712 2550 3761 C.

357 3807 471 3853 664.
495 3802 621 3852 Ant,
644 3804 739 3853 ch,
759 3808 841 3853 83,
1400 3832 1410 3837 -
1495 3799 1612 3843 660.
1643 3793 1772 3843 Ant.
1803 3794 1898 3843 Ch.
1918 3799 2036 3843 2⁰2.

422 3885 448 3919 r
480 3876 699 3937 umam
752 3875 987 3939 repetem]
1038 3878 1332 3927 Revocatug
1384 3892 1415 3926 ι
1556 3867 1576 3910 -ἱ
1607 3868 1856 3917 Memorio:
1889 3866 2076 3929 Pelori]
2108 3867 2239 3917 Sunt
2267 3863 2353 3929 qui
2376 3862 2552 3913 abillo

359 3952 576 4016 civibus,
595 3958 655 4001 ut
676 3951 911 4014 Scipioni
932 3951 1221 4001 resisteret.
1496 3954 1838 4017 gubernatore
1859 3953 2210 4017 promontorio
2230 3950 2422 4001 Siciiioe
2446 3951 2548 4000 Pe·

422 4024 449 4059 ¹¹
480 4028 627 4075 Freto
669 4025 911 4089 appulsus]
965 4026 1158 4086 Siculo,
1192 4025 1310 4089 quia
1342 4025 1415 4075 ibi
1495 4030 1609 4078 lo'ro
1639 4042 1823 4081 nom-en
1861 4026 2054 4076 factum
2093 4026 2254 4076 velint
2275 4042 2290 4073 ι
2327 4024 2418 4073 sed
2440 4026 2552 4073 haec

354 4100 429 4151 ob
446 4102 705 4163 angustias
722 4116 931 4165 semper
943 4099 1113 4151 fervet
1132 4114 1290 4157 mare.
1500 4101 1782 4165 appellatio
1803 4101 2096 4151 Hannibale
2119 4100 2399 4163 antiquior.
2422 4100 2552 4149 Con·
2595 4156 2600 4159 ,

410 4175 425 4209 ¹
476 4178 597 4226 Tam
650 4194 797 4241 parvo
840 4176 1017 4241 spatio]
1074 4178 1419 4240 conjunctam
1500 4183 1610 4227 stat
1647 4190 1712 4228 ex
1757 4178 1940 4227 Servio
1983 4177 2116 4226 hunc
2161 4175 2553 4239 gubernatorem

490 4258 665 4323 Delph.
687 4266 735 4311 et
765 4260 879 4311 Vur.
901 4260 1032 4309 Clas.
1318 4258 1427 4309 Vae.
1448 4258 1594 4308 Max.
2332 4259 2362 4303 3
2395 4255 2424 4304 1
