3144 4925
532 340 663 412 842
1122 351 1453 403 ‚vantnu
1505 351 1797 400 mutim
1850 351 1994 400 mc.
2039 353 2152 402 xx.

530 543 537 551 -
618 499 729 566 10.
772 499 871 563 At
916 515 1003 562 ne
1056 496 1377 564 Hetrusci
1423 495 1692 580 quidem
1713 503 1750 530 “’
1824 485 2053 578 parum
2101 495 2362 561 feroces
2415 493 2486 560 in
2530 507 2741 581 poena

526 599 1017 684 excogitanda:
1062 599 1182 681 qui
1212 599 1515 664 vivorum
1534 604 1594 646 ⁵4
1635 615 1922 681 corpora
1963 597 2424 665 cadaveribus
2453 600 2742 665 adversa

532 701 831 768 adversis
856 701 1127 783 alligata
1156 707 1359 784 atque
1390 699 1777 777 constricta,
1825 701 1922 765 ita
1951 707 2026 767 ut
2077 701 2362 784 singulae
2407 703 2743 766 membro·-

526 822 671 868 rum
701 807 931 887 partes
958 802 1239 883 singulis
1268 808 1499 866 essent
1531 801 2082 881 accommodatae,
2129 804 2484 868 tabescere
2533 803 2738 869 simul

527 906 991 990 patiebantur:
1035 904 1246 968 amari
1278 905 1433 969 vitae
1464 905 1712 987 pariter
1739 921 1822 968 ac
1851 906 2082 970 mortis
2113 911 2427 970 tortores.

618 1008 729 1073 11.
764 1007 967 1072 Sicut
992 1005 1097 1070 illi
1126 1007 1430 1084 Barbari,
1458 1025 1637 1088 quos
1665 1007 1891 1070 ferunt
1918 1011 2357 1072 mactatarum
2392 1006 2736 1090 pecudum

528 1109 919 1186 intestinis,¹
974 1116 1043 1173 et
1085 1109 1457 1172 visceribus
1510 1109 1788 1190 egestiS,
1831 1109 2128 1172 homines
2174 1108 2485 1184 inserere,
2527 1109 2623 1172 ita
2665 1115 2741 1174 ut

526 1212 873 1295 capitibus
919 1210 1377 1275 tantummodo
1404 1211 1760 1288 emineant,
1815 1230 2086 1294 quoque
2103 1216 2158 1257 ⁵⁵
2223 1209 2483 1273 diutius
2513 1230 2738 1291 poenae

534 1311 894 1388 sufficiant,
942 1311 1097 1376 cibo
1146 1317 1215 1376 et
1262 1310 1541 1394 potione
1591 1311 1932 1376 infelicem
1985 1311 2296 1394 spiritum
2334 1329 2736 1394 prorogare:

526 1413 751 1478 donec
778 1414 961 1477 intus
987 1413 1358 1495 putrefacti,
1388 1413 1675 1478 laniatui
1705 1414 1840 1478 sint
1857 1410 2333 1489 animalibus,⁵⁶
2375 1431 2532 1495 quae
2562 1414 2738 1476 tabi-

530 1515 738 1582 disin
768 1514 1165 1597 corporibus
1190 1514 1380 1578 nasci
1404 1514 1648 1578 solent.
1735 1513 2106 1593 Queramur
2120 1532 2298 1577 nunc
2319 1532 2472 1577 cum
2501 1520 2738 1578 natura

531 1617 776 1695 rerum,
804 1616 987 1700 quod
1014 1635 1145 1680 nos
1173 1617 1397 1681 multis
1450 1624 1523 1681 et
1548 1618 1807 1700 asperis
1849 1615 2154 1681 adversae
2199 1614 2611 1680 valetudinis
2639 1617 2737 1678 in·

526 1719 908 1785 commodis
966 1717 1311 1782 obnoxios
1354 1738 1504 1782 esse
1548 1719 1874 1784 voluerit:
1945 1719 2382 1800 habitumque
2426 1717 2737 1781 coelestis

529 1821 799 1885 roboris
848 1818 1157 1883 humanae
1203 1818 1569 1886 conditioni
1619 1821 2016 1902 denegatum
2049 1819 2332 1884 moleste
2359 1818 2651 1882 feramus
2681 1819 2743 1898 ς’

528 1940 697 1986 cum
738 1926 845 1984 tot
885 1919 1231 1984 cruciatus
1280 1921 1702 2007 sibimetipsa
1735 1921 2106 1987 mortalitas
2151 1920 2450 2005 impulsu
2495 1921 2738 1984 crude-

532 2022 745 2088 litatis
774 2021 1279 2104 excogitaverit.

602 2247 623 2272 ‘
643 2241 1071 2300 Mokaeteferamus
1090 2239 1232 2290 robur
1250 2241 1515 2292 immortale
1540 2244 1762 2294 humanis
1780 2244 2049 2308 corporibus
2067 2247 2364 2307 denegatum.

1456 2384 1815 2406 OOOOOOOOOOO

527 2484 645 2534 Bit.
668 2482 841 2548 primi,
861 2483 1011 2533 Leid.
1035 2491 1169 2534 sext.
1211 2484 1317 2534 Sed
1339 2484 1391 2534 iu
1414 2484 1595 2549 quinto
1618 2484 1766 2536 deest
1784 2486 2114 2549 primum—54
2147 2482 2232 2534 Ita
2263 2483 2415 2547 Pigh.
2439 2497 2506 2533 ex
2527 2484 2740 2534 Winck.

540 2549 723 2612 camp.
768 2556 823 2598 et
857 2548 1064 2598 Gembl.
1098 2551 1271 2613 itaque
1308 2550 1540 2599 nonnulli
1571 2549 1724 2599 codd.
1763 2552 1980 2599 Tot-ren.
2020 2552 2172 2610 vulgo
2209 2550 2458 2606 virorum‚·
2489 2551 2624 2613 qnod
2651 2558 2738 2598 est

529 2614 693 2662 etiam
716 2613 768 2661 in
794 2612 1098 2676 quibusdam
1120 2614 1339 2663 Torren.
1408 2614 1691 2663 Nonnulli:
1734 2615 2036 2663 cadaveribus
2064 2614 2277 2665 adversis
2305 2614 2500 2661 adversa
2520 2614 2740 2674 alligata.

528 2682 663 2727 *—66
698 2678 885 2740 Copes.
906 2683 1016 2726 tres
1038 2678 1187 2727 codd.
1208 2679 1422 2727 Torren.
1460 2683 1515 2726 et
1551 2677 1767 2728 Ascens.
1801 2693 1976 2741 quoque
1997 2684 2082 2737 ηις
2115 2677 2298 2727 decem
2337 2677 2489 2727 codd.
2517 2678 2738 2727 Torren.

538 2756 735 2805 quosque
757 2747 813 2789 ut
832 2757 853 2799 ,-
880 2742 932 2789 in
954 2741 1211 2790 nonnullis
1234 2742 1355 2791 edd.
1378 2748 1517 2804 utque
1544 2747 1618 2802 ut,
1641 2757 1707 2791 ex
1739 2743 2173 2805 interpretatione
2193 2758 2208 2802 ;
2243 2743 2293 2790 in
2317 2743 2524 2804 ceteris,
2560 2757 2740 2805 quoque

534 2807 731 2867 diutius,
750 2808 831 2868 ᾃσ.
896 2805 1105 2854 Deinde
1129 2820 1223 2867 pro
1243 2820 1499 2868 prorogare
1522 2808 1750 2856 nonnulli
1769 2811 2177 2871 prorogant—56
2207 2806 2293 2855 Ita
2315 2806 2466 2868 Pigh.
2491 2821 2554 2853 ex
2579 2807 2736 2855 codd.

538 2877 593 2919 ct
634 2869 829 2918 habent
864 2882 1069 2933 quoque
1107 2869 1179 2917 ita
1212 2870 1407 2919 Brand.
1431 2876 1478 2920 1.
1516 2874 1563 2919 2.
1595 2872 1748 2920 codd.
1783 2870 1998 2921 Torren.
2024 2870 2145 2921 Vet.
2179 2872 2325 2933 Mog.
2362 2879 2416 2919 et
2439 2870 2656 2919 Mediol.
2681 2875 2730 2919 3.

536 2934 710 2983 laniati
727 2938 835 2983 runt
866 2934 927 2983 ub
948 2934 1231 2983 animalibus
1252 2932 1411 2983 Aldd.
1449 2934 1616 2984 Colin.
1644 2936 1846 2998 Gryph.
1868 2942 1923 2984 et
1946 2935 2130 2998 Steph.
2153 2934 2360 2984 aoniatui
2387 2937 2488 2983 siut
2517 2935 2739 2983 animuli-

534 2996 623 3046 ‘bus
654 2998 857 3047 emend.
893 2999 1182 3048 PontanuS.
1244 2999 1374 3047 Mox
1413 2997 1531 3047 edd.
1565 3013 1598 3047 a
1633 2999 1788 3063 Pigh.
1822 3014 1986 3065 usque
2021 2999 2088 3048 ad
2122 2999 2344 3049 Torren.
2377 3000 2646 3063 corporibus
2665 3002 2740 3047 in·

524 3062 684 3113 ῆιαεσί.
970 3064 983 3081 “
1889 3072 1892 3079 “

1526 3156 1742 3207 NOTAE

604 3275 637 3301 ⁸¹
660 3268 739 3317 Ne
756 3268 985 3317 Hetrusca·
1006 3268 1213 3332 quidem]
1247 3267 1311 3317 Id
1334 3268 1598 3317 Mezentio
1740 3275 1766 3301 ¹
1798 3271 2042 3320 Pet-udum
2081 3269 2344 3333 intestinis]
2393 3268 2531 3319 Illud
2575 3266 2732 3317 etiam

539 3360 715 3395 eorum
756 3344 889 3407 Regi
925 3344 1113 3393 tribuit
1142 3344 1292 3407 Virg.
1326 3344 1445 3393 AEn.
1468 3356 1594 3395 vm.
1673 3346 1916 3409 supplicii
1935 3360 2094 3409 genus
2125 3354 2182 3394 et
2203 3346 2270 3393 ab
2293 3344 2472 3407 Opilio
2495 3343 2733 3393 Macrino

540 3422 784 3471 ‘Mortua
800 3418 923 3484 quin
938 3420 1093 3469 etiam
1100 3420 1359 3483 jungebat
1376 3433 1598 3483 corpora
1675 3423 1727 3471 in
1750 3422 1878 3471 duos
1915 3423 2122 3479 milites,
2153 3427 2294 3470 teste
2334 3420 2644 3484 Capitolino,
2677 3430 2737 3468 et

536 3496 689 3559 vivis,
730 3496 1057 3559 Compouens
1095 3496 1433 3561 manibusque
1486 3512 1597 3546 ma·
1673 3497 1727 3546 in
1751 3497 2072 3548 Christianos
2093 3513 2126 3546 a
2143 3496 2391 3559 Faginus,
2425 3502 2564 3545 teste
2585 3495 2734 3558 Sulp-

524 3587 657 3635 μοι,
688 3578 848 3636 atque
869 3571 1047 3623 oribus
1068 3572 1195 3624 ora.'
1667 3572 1888 3637 Severo,
1921 3580 2224 3636 usurpatum
2244 3579 2346 3623 ent.
