3144 4925
867 403 1032 450 cai».
1065 398 1145 448 x.
1192 400 1290 449 ne
1335 397 1709 449 rom-leus
1754 399 2152 450 uramus.
2450 387 2583 452 583

475 547 545 612 2.
591 543 858 610 Clarum
887 545 1308 629 exemplum:
1352 563 1473 608 nec
1517 545 1735 608 minus
1779 547 2003 609 tamen
2017 551 2049 592 4
2104 542 2365 610 illustre
2398 545 2581 630 quod

387 649 716 732 sequitur.
801 647 1118 711 AEmilins
1146 646 1426 725 Paulus,
1472 666 1647 710 nunc
1694 645 2096 724 felicissimi,
2141 665 2313 712 nunc
2352 647 2582 712 miser·

382 749 542 812 rimi
589 747 804 830 patris
849 745 1224 811 clarissima
1271 747 1791 828 repraesentatio,
1834 766 1928 810 ex
1956 755 2239 830 quatuor
2266 748 2424 814 filiis
2450 751 2580 817 for-

391 845 526 912 'mae
555 849 860 930 insignis,
887 848 1166 931 egregiae
1195 845 1464 924 indolis,
1486 846 1708 910 duos
1679 867 1825 930 Jure
1834 846 2229 930 adoptionis
2248 850 2273 890 ‘¹
2322 853 2391 914 in
2420 851 2582 920 Cor·

382 950 638 1014 -ueliam
665 949 1082 1032 Fabiamque
1107 953 1370 1029 gentem
1389 947 1779 1024 translatoS,
1820 949 1989 1014 sibi
1971 969 2123 1032 ipse
2146 950 2537 1034 denegavit:
2521 963 2581 1004 ·5

396 1050 574 1115 duos
603 1052 670 1116 ei
694 1051 966 1115 fortuna
994 1050 1309 1116 abstulit·
1375 1044 1685 1127 Quorum
1730 1050 1899 1115 alter
1930 1051 2339 1133 triumphum
2366 1057 2583 1137 patris

324 1228 328 1232 ¹
393 1151 620 1215 funere
649 1169 780 1214 suo·
817 1155 1126 1233 quartum
1175 1159 1328 1214 ante
1366 1149 1544 1214 diem
1590 1151 1981 1232 praecessit:
2028 1151 2195 1216 alter
2234 1154 2309 1216 in
2354 1156 2584 1222 trium·

395 1251 585 1334 phali
601 1269 797 1315 curru
827 1256 1249 1333 conspectus,
1283 1254 1438 1342 post
1465 1249 1641 1314 diem
1663 1252 1919 1316 tertium
1938 1253 2298 1335 expiravit.
2344 1254 2585 1340 Itaque

397 1355 530 1435 qui·
561 1353 651 1418 ad
699 1353 1042 1417 donandos
1089 1372 1296 1435 usque
1341 1351 1595 1416 lib'eros
1646 1353 2155 1432 abundaverat,⁶
2196 1354 2263 1419 in
2302 1357 2583 1424 orbitate

397 1455 622 1518 subito
653 1454 1003 1519 destitutus
1031 1460 1154 1518 est.
1242 1451 1464 1530 Quem
1510 1471 1743 1517 casum
1771 1473 1901 1537 quo
1928 1456 2169 1520 robore
2198 1458 2403 1522 animi
2435 1477 2587 1524 sus-

395 1555 695 1632 tinuerit,
722 1555 1044 1631 oratione,
1070 1551 1386 1636 quam-de
1401 1554 1597 1617 rebus
1626 1573 1669 1616 a
1686 1573 1759 1618 se
1778 1556 1983 1637 gestis
2011 1558 2195 1640 apud
2218 1560 2541 1642 populum
2559 1569 2586 1610 ⁷

395 1657 653 1733 habuit,
704 1656 880 1720 hanc
925 1655 1305 1740 adjiciendo
1349 1655 1744 1732 clausulam,
1797 1657 1967 1721 nulli
2016 1660 2397 1742 ambiguum
2433 1662 2587 1725 reli-

398 1758 585 1841 quit:
631 1762 652 1792 ‘
676 1757 846 1822 Cum
877 1757 948 1822 in
975 1754 1275 1821 maximo
1303 1761 1632 1840 proventu
1681 1756 2029 1823 felicitatis
2049 1758 2072 1796 ⁸
2116 1767 2385 1839 nostroe,
2418 1760 2585 1839 Qui-

398 1860 576 1935 ritoe,
625 1859 954 1936 timerem,
999 1878 1084 1922 ne
1135 1856 1298 1940 quid
1355 1856 1516 1920 mali
1571 1856 1842 1922 fortuna
1882 1859 2278 1938 moliretur,⁹
2336 1861 2382 1926 J
2386 1882 2585 1927 ovem

398 1958 560 2044 Opt.
608 1960 800 2024 Max.
852 1960 898 2025 J
903 1976 1316 2042 unonemque
1361 1959 1676 2040 reginam,
1724 1965 1789 2024 et
1847 1959 2225 2028 Minervam
2268 1971 2585 2045 precatus

401 2082 574 2138 sum,
601 2066 702 2139 ut,
731 2062 790 2124 si
821 2060 1090 2126 adversi
1115 2060 1278 2144 quid
1306 2061 1562 2144 populo
1604 2060 1911 2125 Romano
1940 2062 2328 2140 immineret,
2374 2070 2589 2131 totum

395 2145 470 2227 in
489 2183 706 2228 meam
736 2163 1006 2227 domum
1034 2166 1532 2226 converteretur.
1613 2160 2049 2246 Quapropter
2078 2167 2248 2229 bene
2272 2165 2589 2248 habet310

401 2263 746 2329 annuendo
775 2265 952 2328 enim
977 2265 1154 2328 votis
1193 2264 1364 2328 meis
1406 2263 1478 2327 id
1525 2272 1819 2345 egerunt,
1848 2272 1923 2329 ut
1961 2285 2088 2331 vos
2116 2267 2343 2350 potius
2368 2287 2586 2333 meum

401 2385 636 2432 casum
665 2365 976 2442 doleatiS,
1007 2384 1212 2448 quam
1240 2384 1364 2448 ego
1396 2370 1615 2429 vestro
1645 2366 2161 2448 ingemiscerem.
2165 2367 2223 2420 ’Ψ

485 2468 551 2531 3.
562 2466 756 2537 Uno
785 2469 1158 2533 etiamnunc
1178 2476 1226 2506 ¹¹
1276 2467 1646 2532 domestic-o
1674 2470 1985 2552 exemplo
2015 2470 2348 2554 adjecto,
2330 2492 2400 2536 ιιι
2428 2473 2590 2537 alie·

401 2568 513 2633 nis
537 2569 835 2633 luctibus
875 2570 1158 2634 orationi
1205 2588 1377 2633 meae
1421 2569 1652 2653 vagari
1697 2572 2092 2652 permittam.
2168 2570 2257 2651 Q.
2290 2574 2589 2639 Marcius

1318 2750 1438 2771 ΟΜ
1440 2750 1674 2770 00000000

400 2850 699 2911 beralitate,
721 2856 780 2899 ut
803 2850 877 2900 ait
894 2851 1228 2909 Perizonius·
1269 2863 1426 2913 quare
1461 2850 1576 2897 baec
1594 2848 1751 2897 verba
1774 2847 1968 2897 delevit
1989 2848 2279 2898 Turi-euius.
2280 2850 2378 2899 —4
2398 2850 2590 2914 Ultraj.

399 2920 453 2963 2.
477 2921 533 2963 et
551 2914 698 2965 Leid.
718 2919 767 2966 4.
786 2914 967 2964 delent
987 2919 1257 2963 tum—⁵
1293 2912 1554 2963 Klokkiue
1576 2912 1720 2961 delet
1742 2914 2013 2975 translatos,
2032 2914 2295 2976 legitque:
2327 2915 2381 2962 ιἰι
2419 2915 2593 2964 σοι-πιε-

399 2978 518 3027 ῐίειιιι
537 2978 825 3041 Fulviumque
841 2984 1032 3040 gentem
1065 2978 1159 3027 sibi
1186 2978 1290 3054 ipse
1319 2978 1468 3039 ubrog
1465 2978 1587 3027 uuit.
1590 2982 1688 3025 -6
1724 2978 1863 3025 Dan.
1894 2978 2231 3039 ambulaverat,
2253 2976 2390 3041 quod
2411 2978 2595 3029 maluit

399 3042 636 3090 Celei-ue.
702 3044 829 3092 Mox
851 3042 1089 3092 Veratius
1112 3041 1246 3105 conj.
1271 3041 1316 3090 ie
1335 3041 1576 3098 orbitarn
1608 3040 1915 3089 Perizonius
1937 3055 2061 3089 vero
2094 3041 2263 3089 subita.
2268 3044 2364 3089 -7
2398 3040 2595 3106 Ultraj.

395 3108 456 3153 ’2.
471 3107 768 3171 adpopulum
723 3110 883 3155 ιιι-8
917 3106 1200 3169 Sebegkiue
1233 3106 1299 3154 ad
1322 3106 1457 3155 Veli.
1481 3118 1542 3155 ιι.
1566 3110 1646 3153 10.
1681 3110 1923 3167 testatur,
1946 3113 2150 3155 veteres
2173 3104 2384 3154 codices
2400 3104 2593 3155 babere

397 3175 622 3282 mx?
643 3170 789 3284 Iffalirl.
826 3168 1308 3295 Βιξιὶιψοῗὶιιῖειεὶιῃ
1329 3168 1468 3283 {iegd
1475 3140 2360 3345 εέῒ-ἓθυὲοἳῗιυέιρίοῗιξιῗεὲἒιῗὲ.
2380 3174 2596 3283 mitt:

400 3296 612 3345 Deinde
635 3296 945 3347 Torreniani
968 3298 1122 3347 codd.
1160 3312 1278 3345 cum
1312 3298 1548 3359 Mogntt
1580 3298 1775 3360 “quad
1808 3298 2010 3347 ιιᾱυεηί.
2078 3299 2201 3347 Mox
2242 3298 2377 3347 idem
2422 3296 2596 3349 Color.

403 3362 592 3409 dom
605 3367 896 3411 conver-teret
917 3360 1056 3425 quod
1075 3362 1230 3411 etiam
1254 3360 1498 3438 rejiciunt
1513 3359 1647 3409 codd
1652 3364 1797 3410 .—lo
1830 3360 1969 3410 Ante
1990 3362 2164 3411 Celer.
2188 3360 2444 3410 edebatur
2466 3362 2599 3417 Qua-

329 3434 344 3441 ”
398 3430 592 3487 μορίαι·
613 3424 726 3475 bene
745 3426 1066 3475 sewu-enham
1131 3425 1318 3479 Quod
1307 3440 1358 3473 ιιι
1381 3426 1515 3475 Mes.
1539 3424 1731 3473 decem
1771 3438 1975 3489 quoque
2010 3425 2211 3475 invenit
2249 3428 2463 3475 Tou-ren.
2504 3426 2597 3475 sed

401 3488 518 3539 bene
557 3490 696 3537 habet
729 3490 924 3538 diserte
949 3488 1192 3539 exhibent
1214 3490 1400 3551 Ultraj.
1427 3489 1577 3553 prim.
1602 3489 1774 3537 Pei-iz.
1801 3489 1947 3538 Leid.
1970 3503 2074 3540 sec.
2096 3490 2255 3557 Barb-
2279 3490 2427 3553 prim
2447 3490 2595 3539 Med.

319 3554 326 3561 '
405 3566 514 3601 sec.
539 3552 652 3601 bene
679 3568 728 3602 ae
750 3554 887 3602 habet
912 3554 1061 3615 Harl.
1125 3554 1255 3603 Mox
1276 3554 1449 3613 lectio,
1469 3567 1568 3601 meo
1588 3553 1935 3615 casamentis,
1970 3566 2001 3600 a
2036 3548 2243 3603 Colere
2253 3562 2351 3603 est.
2419 3552 2597 3602 Ceteri

403 3616 748 3677 mamni,
769 3631 886 3667 cum
911 3610 1172 3680 plerisque
1197 3618 1326 3667 Mes.
1360 3614 1569 3665 Pridem
1594 3631 1796 3679 quoque
1818 3619 2101 3666 edebatur.
2134 3622 2340 3666 uestrum
2375 3616 2599 3676 ingemis-

403 3694 572 3729 cerem.
633 3652 748 3730 Sed,
766 3682 862 3729 boc
885 3682 1014 3729 Mes.
1037 3695 1138 3730 non
1162 3695 1310 3745 mque
1327 3681 1637 3745 approbant.
1703 3682 1848 3730 Leid.
1871 3688 2008 3730 sext.
2039 3680 2213 3741 habet,
2246 3682 2299 3728 in
2334 3684 2487 3727 uestro
2521 3680 2598 3728 ιἰι·

403 3746 850 3805 gentiacum-ll
886 3746 1132 3794 ‘coleras
1154 3747 1392 3795 voculum
1413 3760 1549 3794 nune
1560 3745 1830 3808 expunxit.
1885 3746 2083 3793 Verum
2105 3746 2225 3830 quia
2246 3756 2423 3792 omnes
2444 3743 2595 3792 codd.

405 3806 598 3859 babent
641 3809 927 3870 etiamnunc,
968 3822 1070 3858 ιιοιι
1116 3815 1311 3859 temere
1353 3809 1544 3873 aliquid
1586 3808 1949 3859 eliminandum
1986 3807 2201 3871 putem?
2237 3808 2401 3857 Verri.
2465 3806 2597 3855 Mox

1395 3954 1610 4005 NOTAE

469 4066 495 4100 ¹¹
529 4068 669 4117 Duos
698 4068 814 4129 jure
853 4068 1142 4133 adoptionis]
1197 4066 1348 4117 Alter
1396 4068 1462 4119 Q.
1546 4081 1705 4118 cauus
1726 4069 1911 4118 minor.
2057 4102 2069 4115 .

413 4144 604 4193 Fabius
645 4146 904 4195 Maximus
949 4144 1276 4205 AEmilianus;
1333 4144 1466 4194 alter
1609 4150 1633 4197 ι
1656 4143 1856 4193 Αιι.Μ.
1878 4144 2026 4191 3887.
2061 4141 2150 4193 01.
2165 4146 2278 4193 158.
2300 4147 2347 4195 2.
2384 4142 2510 4194 urb.
2533 4142 2594 4193 C.

409 4217 478 4266 P.
500 4218 774 4269 Cornelius
797 4220 972 4284 Scipio
995 4220 1312 4285 AEmilianus,
1328 4218 1466 4270 Afri·
1545 4222 1659 4271 586.
1696 4217 1821 4270 Aut.
1834 4219 1927 4269 ch.
1940 4222 2051 4267 166.
