3144 4925
1006 332 1170 381 cu.
1199 330 1299 380 v1.
1347 332 1443 383 nn
1493 316 1667 383 iuna
1716 334 2062 384 nuncies.
2514 320 2645 387 639

451 476 626 541 fides
649 476 948 543 civitatis
969 479 1222 541 'nostrae
1249 476 1562 542 liberat.'†
1649 474 1891 542 Claros
1918 476 2079 542 illos
2108 477 2364 543 fecerat
2384 486 2645 547 tantum

449 578 740 642 hostium
788 578 1025 641 ducem
1070 578 1327 641 vincire
1391 578 1693 661 potuisse
1719 600 1737 661 ;
1760 587 1813 617 ¹0
1882 579 2007 643 sed
2066 580 2279 643 multo
2334 580 2645 649 clariores

448 678 639 756 fecit,
667 679 1037 744 noluisse.¹¹

535 782 605 844 3.
649 779 995 845 Adversus
1026 779 1299 844 eosdem
1327 779 1560 844 hostes
1586 786 1638 818 ¹²
1683 800 1916 864 parem
1957 781 2153 847 fidem
2179 784 2248 847 in
2287 782 2437 866 jure
2466 784 2646 867 lega-

449 881 652 945 tionis
683 881 919 945 tuendo
950 882 1195 947 Patres
1236 882 1605 967 conscripti
1632 883 2013 949 exhibuere.
2100 884 2200 948 M.
2234 886 2408 948 enim
2434 886 2647 951 AEmi-

437 982 544 1046 -lio
599 982 889 1069 Lepido,
959 982 1038 1047 C.
1072 982 1406 1051 Flaminio
1450 981 1649 1048 Coss.
1700 983 1779 1047 L.
1811 982 2180 1049 Minucium
2226 990 2296 1049 et
2339 985 2417 1050 L.
2450 986 2647 1052 Man—

448 1082 615 1146 lium
645 1082 1292 1164 Carthaginiensium
1347 1082 1609 1165 legatis‚
1663 1085 1826 1167 quia
1874 1104 2112 1149 manus
2140 1085 2242 1149 his
2273 1088 2647 1166 attulerant,

437 1202 572 1267 -per
596 1183 872 1247 feciales
894 1180 919 1218 ¹
962 1182 1286 1266 [Claudio
1337 1190 1617 1267 praetore
1640 1192 1689 1232 ¹³
1718 1184 1783 1265 ⁸]
1844 1183 2191 1251 dedendos
2223 1196 2648 1255 curaverunt.

451 1284 540 1347 Se
585 1291 745 1348 tunc
787 1290 1074 1363 senatus,
1133 1304 1265 1349 non
1321 1304 1442 1349 eos
1505 1288 1757 1372 quibus
1812 1287 1943 1351 hoc
2008 1288 2474 1370 praestabatur,
2540 1310 2648 1355 as-

450 1386 690 1469 pexit*

533 1488 600 1550 4.
645 1484 864 1570 Cujus
908 1488 1290 1571 exemplum
1310 1494 1366 1536 ¹4
1407 1488 1709 1571 superior
1754 1486 2117 1553 Africanus
2164 1494 2452 1566 secutus,
2498 1508 2649 1555 cum

451 1594 761 1653 onustam
823 1589 1046 1652 multis
1119 1594 1184 1653 et
1257 1588 1630 1653 illustribus
1656 1592 1706 1633 ¹⁵
1782 1586 2433 1669 Carthaginiensium
2490 1590 2651 1655 viris

450 1706 686 1753 navem
724 1689 794 1752 in
826 1708 1022 1754 suam
1048 1694 1443 1773 potestatem
1493 1687 1883 1770 redegisset,
1928 1688 2325 1753 inviolatam
2374 1688 2651 1768 dimisit,

454 1790 614 1873 quia
659 1796 678 1828 ‘
698 1809 774 1854 se
803 1790 1069 1872 legatos
1117 1791 1204 1854 ad
1237 1810 1388 1855 enm
1432 1789 1680 1854 missos
1702 1787 1720 1814 ’
1762 1786 2158 1868 dicebant‚¹⁶
2200 1790 2469 1869 tametsi
2514 1810 2653 1855 ma-

1380 1962 1741 1985 OOOONOmOO

453 2064 582 2115 Mox
605 2078 701 2127 pro
719 2063 969 2113 accidisset
988 2062 1185 2113 Medic.
1210 2066 1259 2115 1.
1283 2064 1661 2113 misma-1⁰
1687 2064 1833 2127 Meg.
1856 2070 1911 2113 et
1929 2064 2063 2114 Ven.
2085 2063 2269 2113 vincere
2292 2062 2533 2125 potuisse,-
2560 2062 2655 2111 sed

452 2130 630 2179 vincire
665 2128 946 2191 legendum
978 2142 1092 2178 esse
1130 2127 1251 2176 olim
1293 2128 1425 2177 vidit
1460 2130 1625 2180 anus
1661 2129 1965 2178 Parrhasius
1997 2136 2133 2178 teste
2154 2127 2466 2190 Theophila,
2496 2128 2656 2175 etita

450 2193 610 2242 habet
633 2192 783 2255 longe
806 2193 979 2255 potior
1003 2206 1122 2254 pars
1145 2190 1426 2242 codd.—11
1458 2193 1474 2219 ‘
1495 2192 1705 2255 Guyeto
1730 2194 1875 2241 locus
1899 2206 2051 2241 sanus
2076 2206 2175 2240 non
2198 2192 2426 2251 videtur,
2456 2197 2513 2239 et
2534 2204 2659 2239 con-

443 2256 568 2319 jicit
587 2258 678 2306 ille
715 2256 834 2306 ideo
857 2256 1205 2317 scribendum,
1236 2257 1339 2318 vel,
1372 2256 1424 2305 in
1444 2257 1633 2305 vincula
1664 2259 1833 2306 duone
1868 2258 2087 2320 noluisse,
2122 2256 2205 2305 vel
2235 2256 2474 2317 captivum
2492 2254 2658 2314 fame

449 2321 667 2371 noluisse.
732 2322 919 2383 Nugae.
983 2318 1263 2369 Manifeste
1289 2320 1422 2368 enim
1442 2320 1855 2384 subintelligitur
1891 2321 2101 2369 verbnm
2132 2319 2349 2368 vincire!
2377 2320 2657 2367 Tor-ren.—

453 2388 519 2433 12
549 2384 791 2434 Adversus
811 2386 1004 2433 eundem
1025 2386 1204 2433 hostem
1241 2384 1294 2432 in
1329 2385 1452 2433 Vet.
1519 2384 1648 2432 Mox
1686 2386 1871 2434 eadem
1912 2398 2027 2433 cum
2051 2385 2226 2432 multis
2251 2382 2405 2432 codd.
2438 2382 2654 2433 Tot-ren.

455 2448 606 2498 Lnoeio
651 2448 902 2498 Flaminio.
993 2447 1192 2498 Eadem
1242 2447 1711 2510 Carthaginiensium
1760 2448 2139 2510 legationi—18
2194 2448 2210 2475 ‘
2252 2448 2385 2498 Haec
2430 2446 2585 2496 lectio
2628 2461 2660 2497 a

455 2513 787 2563 vorstioest.
851 2511 1066 2574 Pighius
1089 2519 1146 2561 et
1169 2513 1384 2561 Colerns
1406 2511 1663 2562 dederant
1686 2513 1829 2562 Culeo
1860 2518 2045 2575 prator
2064 2527 2127 2562 ex
2148 2512 2205 2561 S.
2230 2513 2290 2560 C.
2328 2512 2558 2560 dedendo·
2578 2524 2658 2560 cu·

439 2577 600 2626 mvii.
669 2577 770 2626 Sed
793 2589 970 2625 omnes
990 2576 1106 2624 libri
1129 2581 1433 2636 maranes-ane,
1468 2576 1582 2624 scil.
1619 2583 1797 2638 patres
1830 2576 2132 2638 conscripti.
2195 2575 2259 2623 In
2284 2575 2435 2624 nullis
2457 2588 2659 2639 quoque

441 2642 606 2689 -Culeo
623 2640 906 2700 invenitur,
935 2639 1050 2703 ipso
1072 2639 1259 2702 Pighio
1283 2646 1442 2701 teste,
1473 2638 1567 2687 sed
1589 2639 1674 2687 vel
1699 2640 1901 2689 Claudio
1917 2646 2142 2702 pretore,
2174 2639 2259 2686 vel
2300 2639 2501 2687 Claudio
2532 2653 2663 2700 pra·

457 2705 588 2754 tori.-
638 2705 762 2753 Duo
797 2705 929 2752 Mss.
969 2703 1172 2753 claudio
1209 2709 1418 2764 pretore
1455 2703 1721 2752 omittunt.
1788 2704 1978 2766 Copes.
2008 2717 2096 2765 per
2116 2702 2315 2763 feciales
2346 2703 2520 2750 Patres
2553 2717 2665 2750 con·

443 2768 624 2831 scripti
659 2769 932 2817 ded-endor:
973 2768 1134 2817 Barb.
1155 2767 1350 2830 primus
1382 2781 1472 2829 per
1485 2766 1688 2827 feciales
1716 2766 1775 2814 P.
1800 2766 1866 2815 R.
1888 2768 2133 2815 dedendos.
2200 2764 2334 2814 Mihi
2358 2778 2661 2827 persuasum

459 2839 560 2893 est,
597 2832 798 2881 Claudio
825 2836 1030 2896 praeeore
1061 2844 1094 2880 e
1129 2831 1359 2891 margine
1381 2832 1432 2879 in
1455 2837 1661 2879 textum
1695 2829 1989 2892 irrepsisse,
2023 2829 2161 2892 quod
2195 2828 2355 2877 etiam
2388 2829 2663 2878 Torrenius

447 2896 775 2959 suspicatur.
843 2896 1000 2944 Certe
1039 2895 1092 2943 in
1135 2902 1354 2958 utraque
1394 2894 1476 2943 ed.
1513 2894 1659 2956 Lips.
1698 2900 1754 2942 et
1790 2893 1957 2956 Lugd.
1996 2893 2107 2942 haec
2143 2892 2303 2941 verba
2334 2891 2663 2955 omittuntur,

497 2974 622 3009 nare
643 2961 813 3009 -uncis
856 2958 1077 3008 inclusi?
1111 2959 1404 3021 Kane-14
1439 2957 1528 3007 Sic
1563 2958 1745 3007 decem
1780 2959 1909 3006 Mss.
1947 2957 2073 3007 Vet.
2106 2957 2249 3018 Meg.
2281 2957 2412 3005 Ven.
2445 2956 2667 3005 Mediol-

538 3031 670 3073 terae
695 3023 857 3084 Hm‘us
877 3023 1155 3086 exemplam.
1221 3021 1439 3084 Pighius
1471 3021 1639 3071 edidit
1662 3021 1783 3070 Hoec
1805 3023 2039 3083 exempla,
2074 3034 2169 3084 pro
2206 3019 2391 3081 lubitu,
2422 3027 2482 3068 ut
2510 3020 2665 3082 solet,

447 3101 616 3151 quem
639 3093 835 3136 temere
858 3087 1026 3136 secuti
1047 3091 1168 3135 sunt
1189 3086 1404 3134 Colerus
1425 3091 1482 3134 et
1503 3086 1887 3136 vantium—15
1916 3085 2001 3133 Sic
2026 3085 2134 3135 Bit.
2160 3084 2313 3147 prim.
2333 3082 2478 3132 Leid.
2499 3084 2665 3148 quint.

461 3158 518 3200 et
559 3158 694 3200 sext.
729 3165 848 3200 cum
919 3151 1146 3214 lei-isque
1183 3150 1337 3199 editt.
1367 3154 1498 3198 vett.
1567 3151 1640 3198 Et
1679 3149 1937 3198 illustrium
1954 3149 2077 3197 Vet.
2108 3163 2225 3198 cum
2254 3147 2460 3210 Pighio,
2480 3147 2666 3198 Colero

443 3221 520 3263 ·et
539 3215 768 3264 Vorstio.
897 3229 981 3276 og.
1015 3224 1072 3263 et
1107 3215 1246 3264 Uitr.
1285 3227 1390 3262 sec.
1413 3228 1476 3263 ear.
1511 3213 1921 3262 illustrium—16
1956 3211 2091 3262 Edd.
2128 3219 2256 3261 vett.
2292 3212 2443 3261 colon
2466 3220 2668 3274 ponunt

465 3283 586 3329 ante
609 3279 830 3336 tamum
863 3277 1087 3328 mutavit
1108 3278 1432 3328 Perizonius.
1498 3278 1627 3328 Mox
1661 3278 1917 3342 presentis
1938 3275 2088 3327 deest
2114 3276 2168 3327 in
2190 3275 2341 3326 Harl.
2362 3281 2417 3326 et
2439 3275 2591 3328 Leid.
2614 3280 2667 3326 8.

909 3485 911 3490 .
1457 3436 1674 3490 NOTAE

529 3560 554 3606 t
579 3551 680 3601 An.
703 3551 782 3601 Μ.
805 3555 952 3602 8798.
985 3550 1073 3602 ol.
1098 3555 1212 3601 181.
1233 3556 1280 3602 1.
1314 3550 1444 3602 Urb.
1462 3551 1523 3603 C.
1606 3553 1659 3601 in
1698 3551 2041 3602 Romanorum
2074 3552 2379 3614 Annalibus,
2417 3552 2496 3602 M.
2523 3553 2669 3602 Clau·

464 3630 581 3677 4⁹7.
612 3625 744 3677 Ant.
765 3627 860 3677 Ch.
882 3631 996 3678 2⁵5.
1606 3627 1716 3676 dius
1748 3627 1945 3676 Praetor
1975 3628 2331 3692 reponendum
2367 3633 2533 3690 putat.
2599 3627 2671 3674 11-

530 3699 553 3732 ¹
581 3701 816 3764 Fasides]
846 3687 1286 3765 Sacerdotes,'qui
1316 3698 1529 3750 foederi-
1608 3702 1705 3752 lius
1726 3701 1867 3751 enim
1888 3717 2059 3752 cansae
2082 3702 2315 3766 cognitio
2332 3701 2397 3750 ad
2422 3701 2499 3750 M.
2516 3701 2671 3751 Clau·

464 3779 562 3828 bns
582 3778 830 3829 feriendis
861 3786 917 3829 et
953 3779 1098 3830 bellis
1116 3778 1356 3843 legitime
1395 3778 1527 3828 indi·
1610 3779 1749 3828 dium
1774 3778 1948 3828 delata
1984 3786 2066 3829 est
2104 3778 2201 3828 sub
2238 3775 2485 3826 extremis
2522 3776 2670 3825 Prae·

468 3852 647 3902 cendia
669 3861 953 3916 preerant.
1387 3877 1390 3884 ·
1612 3865 1741 3906 turae
1780 3857 1985 3918 diebus,
2009 3858 2121 3920 jam
2158 3855 2348 3904 creatis
2384 3855 2437 3901 iu
2482 3848 2671 3902 annum

531 3935 557 3970 8
581 3929 1006 3992 Claudiam-ctera
1025 3929 1129 3994 [M.
1151 3929 1379 3978 Claudius
1398 3928 1530 3977 ΡΜ·
1613 3939 1919 3995 sequentem
1938 3931 2245 3982 Consulibus
2262 3930 2339 3980 M.
2356 3929 2558 3978 AEmilio
2574 3929 2671 3985 Le-

469 4001 572 4066 tor]
603 4003 764 4053 Aliud
798 4005 898 4054 alio
923 4013 1158 4070 tempore
1179 4019 1337 4068 super
1357 4005 1452 4053 hac
1473 4018 1531 4053 re
1612 4005 1738 4068 pido
1758 4013 1816 4056 et
1838 4008 1898 4056 C.
1920 4006 2195 4065 Flaminio,
2214 4005 2277 4052 de
2295 4003 2479 4068 quibus
2496 4010 2669 4052 antea.

470 4077 662 4140 Pighio
693 4080 856 4129 visum
893 4088 991 4129 est.
1057 4082 1122 4130 In
1154 4080 1292 4129 notis
1323 4077 1532 4144 quidem
1680 4087 1703 4138 t
1728 4082 1830 4132 An.
1851 4081 1929 4130 Μ.
1953 4084 2099 4130 8867.
2133 4078 2221 4129 01.
2246 4081 2357 4128 148.
2378 4082 2429 4128 2.
2461 4078 2587 4128 Urb.
2606 4077 2671 4127 C.

475 4154 539 4204 sd
562 4156 826 4206 Valerium
857 4157 1008 4223 legit,
1050 4159 1194 4209 caleo
1216 4155 1443 4217 Patior,-
1477 4164 1533 4208 st
1614 4159 1729 4207 666.
1762 4154 1891 4206 Ant.
1915 4155 2011 4208 Cli.
2037 4157 2147 4205 186.
