3144 4925
985 392 1147 441 ων.
1181 392 1280 437 νι.
1327 390 1424 441 nn
1471 386 2001 441 secessurus.
2456 374 2591 441 713

401 535 1008 623 propulsandorum
1052 535 1342 601 hostiurn
1390 536 1717 617 impetum
1768 536 2137 599 emerentur
2158 530 2197 596 ε’
2240 548 2457 616 eaque
2504 532 2589 599 de

399 658 474 705 re
517 657 640 721 per
683 637 980 702 tribunos
1028 637 1248 720 plebis
1305 640 1395 703 ad
1447 636 1775 721 populum
1791 642 1823 683 4
1862 635 2004 699 lata
2061 633 2407 717 rogatione
2453 640 2589 699 tres

405 740 614 805 creati
642 745 800 803 sunt
827 738 976 815 viri,
1001 736 1132 822 'qui
1179 742 1472 822 quatuor
1519 742 1587 801 et
1632 736 1871 820 viginti
1900 735 2117 799 millia
2134 741 2158 783 ⁵
2180 732 2207 771 ¹³
2248 754 2591 801 servorum

403 847 962 923 comparaverunt
999 857 1016 903 t
1085 838 1500 924 adactosque
1546 837 1999 923 jurejurando,
2056 840 2078 871 ‘
2104 843 2439 901 strenuam
2492 856 2591 915 se,

402 942 774 1024 fortemque
801 958 1072 1023 operam
1099 940 1394 1018 daturos,
1440 938 1667 1023 quoad
1718 938 1921 1003 Poeni
1952 945 2181 1004 essent
2222 939 2291 1002 in
2338 936 2589 1017 Italia,’

405 1042 582 1107 datis
611 1038 872 1119 armis,⁶
915 1040 984 1103 in
1029 1047 1258 1105 castra
1297 1040 1644 1106 miserunt.
1733 1039 1841 1107 Ex
1868 1039 2145 1124 ,Apulia
2188 1040 2390 1107 etiam
2435 1046 2499 1104 et
2550 1059 2593 1105 a

408 1143 736 1209 Fidiculis
751 1152 777 1193 ⁷
800 1151 824 1179 ⁰
878 1144 1300 1229 septuaginta
1348 1148 1550 1227 atque
1594 1144 1873 1211 ducenti
1924 1144 2013 1208 ad
2066 1145 2595 1227 supplementum

407 1246 748 1328 equitatus
778 1251 930 1310 sunt
943 1242 1172 1311 emti?
1259 1244 1532 1323 Quanta
1559 1246 1885 1311 violentia
1936 1250 2038 1309 est
2092 1266 2291 1311 casus
2336 1244 2593 1310 acerbi!

411 1345 584 1424 Quae
613 1346 854 1411 civitas
885 1346 974 1411 ad
1025 1346 1094 1409 id
1141 1353 1412 1429 tempus
1440 1346 1741 1428 ingenuae
1768 1364 2041 1430 quoque
2070 1345 2340 1428 originis
2366 1346 2595 1429 capite

409 1464 648 1511 censos
677 1445 922 1510 habere
963 1446 1210 1510 milites
1237 1444 1637 1523 fastidierat,
1681 1446 1921 1511 eadem
1972 1447 2157 1513 cellis
2202 1447 2551 1512 servilibus
2568 1444 2598 1481 ‘¹

409 1552 720 1611 extracta
747 1565 1057 1630 corpora,
1075 1551 1142 1611 et
1171 1566 1212 1610 a
1240 1547 1694 1630 pastoralibus
1719 1549 1901 1613 casis
1918 1549 2209 1613 collecta
2236 1546 2598 1629 mancipia,

411 1648 598 1713 velut
649 1648 1072 1732 praecipuum
1128 1646 1661 1726 firmamentum,⁸
1736 1648 2062 1713 exercitui
2134 1667 2263 1712 suo
2328 1646 2594 1730 adjecit.

411 1747 617 1813 Cedit
639 1764 796 1831 ergo
823 1748 1147 1814 interdum
1177 1767 1540 1831 generosus
1570 1749 1846 1832 spiritus
1872 1749 2177 1827 utilitati,
2208 1755 2279 1813 et
2303 1748 2593 1814 fortunae

411 1850 662 1915 viribus
691 1851 1102 1915 succumbit:
1145 1851 1268 1914 ubi
1316 1849 1450 1915 nisi
1495 1853 1749 1916 tutiora
1792 1850 2083 1915 consilia
2111 1850 2403 1932 legeris,⁹
2448 1868 2599 1933 spe-

1332 2011 1388 2031 00
1392 2010 1689 2033 0000000000

413 2105 640 2153 dum—4
670 2100 874 2152 Novem
907 2100 1062 2151 codd.
1087 2102 1302 2153 'rori-en.
1337 2109 1393 2153 et
1415 2102 1536 2155 edd.
1558 2110 1682 2155 ante
1703 2103 1857 2167 Pigb.
1878 2105 2003 2167 apud
2030 2106 2361 2167 populum—5
2396 2102 2605 2167 Lipsius

417 2166 608 2231 aliique
629 2165 906 2217 delendum
929 2171 1145 2216 censent
1173 2172 1221 2216 et
1251 2167 1463 2228 viginti,-
1508 2182 1627 2217 nam
1660 2168 1835 2217 Livius
1867 2170 2056 2231 aliique
2090 2174 2289 2217 tantum
2320 2173 2423 2218 octo
2453 2168 2607 2217 millia

415 2236 840 2292 commemorant,
871 2229 950 2279 uti
971 2237 1054 2280 est
1077 2230 1131 2280 in
1152 2230 1353 2281 Medic.
1369 2236 1420 2281 2.
1485 2232 1667 2282 Ceteri
1690 2246 1866 2282 omnes
1889 2238 2088 2295 quatuor
2107 2232 2351 2294 attigisti
2370 2232 2609 2282 millia—-

414 2301 449 2345 6
477 2298 495 2324 ⁴
517 2295 606 2345 Ita
621 2292 788 2347 Aldus
809 2300 866 2344 et
888 2293 1368 2357 Chalcocondylest
1413 2308 1540 2371 qnos
1555 2297 1771 2358 Pighius
1794 2304 1851 2345 et
1872 2296 1959 2345 alii
1980 2304 2100 2347 sunt
2123 2296 2309 2346 secuti.
2375 2294 2451 2345 At
2468 2296 2605 2345 Mar-

415 2359 555 2407 tinus
595 2356 810 2421 Herbip.
835 2371 933 2421 pro
969 2358 1097 2407 datis
1128 2359 1276 2407 cruris
1310 2358 1478 2409 edidit
1507 2360 1686 2409 loturos
1720 2375 1870 2410 arnna.
1937 2360 2089 2411 Quod
2114 2360 2251 2410 idem
2285 2368 2341 2409 et
2382 2361 2435 2408 in
2468 2366 2611 2409 ntro-

417 2437 517 2487 qne
554 2422 670 2473 cod.
711 2422 974 2473 Brandeb.
1011 2421 1261 2473 observor
1307 2422 1405 2474 nisi
1449 2424 1586 2488 quod
1633 2437 1761 2474 nnus
1800 2438 1897 2488 pro
1919 2426 2101 2474 laturos
2132 2437 2407 2489 perperam
2452 2422 2611 2474 babet

414 2486 644 2538 daturos?
674 2488 852 2536 Vorst.
885 2485 1039 2536 codd.
1059 2488 1274 2537 Tor-ren.
1307 2486 1508 2550 decern,
1536 2497 1594 2537 et
1615 2489 1829 2538 Venett.
1862 2489 2040 2537 hieros
2070 2503 2204 2538 arma
2221 2507 2240 2547 ,·
2276 2491 2292 2517 ‘
2312 2503 2428 2552 qnae
2452 2489 2610 2540 lectio

415 2552 542 2601 mihi
559 2566 662 2601 non
683 2550 942 2615 displicet,
963 2551 1006 2599 si
1027 2551 1178 2600 modo
1199 2551 1276 2600 ita
1293 2565 1543 2613 exponas,
1564 2558 1625 2602 ut
1641 2552 1801 2602 verba
1823 2554 2000 2600 beares
2016 2567 2150 2602 arma
2166 2553 2231 2602 ad
2243 2552 2609 2616 jusjurandum

414 2630 680 2666 servorum
715 2616 1028 2677 pertineant,
1067 2615 1280 2678 ejusque
1301 2621 1503 2678 partem
1523 2616 1739 2666 alteram
1771 2614 2019 2666 efficiant.
2084 2618 2280 2666 Sensus
2320 2624 2445 2666 tunc
2468 2623 2613 2667 esset

409 2678 781 2744 jurisjurandi:
809 2683 858 2726 1.
879 2693 935 2728 se
958 2678 1093 2728 velle
1115 2675 1330 2728 fortiter
1366 2693 1623 2742 pugnare,
1658 2684 1708 2730 2.
1732 2695 1787 2728 se
1811 2694 1912 2728 non
1936 2679 2081 2744 prins
2104 2694 2247 2728 arma
2268 2679 2610 2743 deposituros,

420 2759 572 2808 quam
591 2743 744 2792 Poeni
775 2743 933 2793 Italia
966 2743 1326 2794 excessissent.
1392 2744 1552 2793 Certe
1575 2745 1673 2794 boc
1693 2744 1919 2794 voluisse
1942 2743 2183 2793 videntur
2216 2743 2367 2793 Harl.
2389 2751 2445 2792 et
2470 2743 2614 2794 Med.

420 2807 575 2871 prim.
606 2807 660 2858 ln
691 2806 878 2871 qulbus
910 2813 1020 2856 est:
1057 2810 1122 2863 et,
1142 2809 1294 2870 quma
1315 2807 1456 2856 Poeni
1489 2808 1542 2856 in
1581 2808 1737 2857 Italia
1765 2813 1937 2870 essent,
1970 2807 2146 2858 laturos
2164 2822 2315 2857 urm.
2377 2807 2613 2856 Valerius

458 2885 622 2937 noque
653 2871 706 2920 in
743 2871 914 2920 verbis
943 2885 1131 2934 operam
1160 2873 1353 2920 daturos
1381 2877 1439 2920 et
1469 2873 1650 2920 lotar-os
1687 2885 1823 2920 amu
1860 2871 2040 2920 lusisse
2079 2871 2303 2926 videtur.
2336 2870 2484 2922 Leid.
2508 2884 2616 2922 sec.

419 2887 596 2986 datam
612 2949 763 2986 σω.
802 2935 928 2984 Vet.
947 2937 1064 2984 aar«
1078 2933 1249 2984 erma?
1279 2933 1552 2998 Kapp.—'1
1590 2935 1675 2985 Ita
1695 2933 1809 2984 fere
1826 2934 1976 2986 codd.
2002 2942 2058 2984 et
2078 2936 2203 2985 Vet.
2220 2949 2381 2998 qnare
2398 2936 2613 2985 Torren.

422 2999 673 3062 restitnit,
709 3013 826 3048 narn
847 2997 1063 3060 Pighius
1102 2998 1347 3048 dederat:
1386 3013 1562 3062 quoque
1599 3004 1648 3048 et
1686 2999 1935 3049 Fidicalis.
1997 2999 2241 3048 Ceterum
2263 3013 2356 3063 pro
2380 2998 2617 3048 Fidiculis

423 3063 696 3114 Cluverius
717 3062 994 3126 legendnm
1027 3069 1206 3112 censet
1241 3061 1515 3125 Poedicntts,
1547 3063 1633 3112 cui
1669 3063 1885 3113 assentit
1904 3064 2117 3121 Torren.
2182 3061 2266 3112 cf.
2290 3063 2431 3112 Plin.
2454 3075 2543 3111 m.
2562 3067 2616 3112 2.

426 3135 484 3178 et
500 3125 676 3178 strab.
697 3141 812 3178 xvi.
879 3125 1095 3189 Pighius
1115 3125 1380 3188 AEqaiculis
1402 3127 1618 3176 mavult.
1677 3127 1828 3177 Harl.
1852 3127 2025 3176 Bitur.
2050 3134 2105 3176 et
2127 3127 2286 3176 Barb.
2311 3131 2359 3177 1.
2381 3127 2525 3176 etiam
2544 3125 2620 3175 ita

425 3191 662 3243 Fidicula
675 3207 697 3250 3
731 3189 927 3242 Medic.
947 3193 996 3239 2.
1018 3197 1076 3239 et
1097 3189 1244 3239 Leid.
1277 3194 1326 3238 2.
1351 3189 1494 3239 etiam
1514 3206 1543 3238 a
1634 3190 1646 3201 ‘
1728 3192 1779 3240 ‘s.
1847 3191 1977 3240 Mox
2000 3205 2096 3254 pro
2116 3192 2303 3240 ducenti
2324 3191 2414 3240 alii
2436 3192 2619 3252 legunt

426 3257 737 3306 &recena—8
771 3255 970 3304 Medic.
990 3257 1038 3304 1.
1059 3258 1110 3304 2.
1198 3255 1430 3317 aecipuam
1463 3269 1518 3302 ro
1578 3260 1723 3304 r.—9
1755 3255 1772 3282 ‘
1789 3253 1873 3304 Ita
1912 3255 2189 3304 Torrenius
2221 3257 2355 3304 Mss.
2396 3259 2454 3305 et
2484 3261 2617 3304 vett.

426 3319 582 3369 editt.
616 3325 826 3368 secutus
866 3317 1052 3368 edidit.
1167 3317 1333 3380 ighius
1372 3332 1439 3366 ex
1475 3318 1631 3367 codd.
1669 3317 1773 3368 suis
1809 3319 2158 3381 rescripserat
2190 3319 2386 3382 elegerit
2407 3319 2619 3370 enrith.

419 3384 557 3449 ‘Mox
592 3384 796 3446 specim
815 3382 950 3432 maie
969 3381 1208 3430 Vorstius
1231 3381 1509 3441 adsertam
1528 3380 1713 3446 refert,
1735 3387 1791 3432 et
1822 3384 2028 3446 speciosa
2044 3383 2250 3442 fortuna
2270 3383 2507 3432 concidere
2529 3396 2621 3431 ex·-

427 3449 593 3511 plicat
630 3446 894 3496 fortunam
935 3459 1234 3510 prosperam
1273 3452 1332 3494 et
1369 3452 1671 3508 exoptatam
1714 3447 1975 3509 amittere,
2018 3461 2183 3511 eaque
2221 3461 2416 3497 carere.
2480 3445 2621 3495 Nam

429 3511 634 3576 specim
655 3519 739 3561 est
761 3525 908 3561 casus
931 3518 1144 3574 quartus
1170 3509 1406 3574 pluralis,
1430 3507 1653 3560 refertur
1668 3511 1736 3560 ad
1766 3512 1983 3575 condita,
2018 3518 2072 3561 et
2096 3511 2293 3575 regitur
2316 3525 2347 3560 a
2369 3508 2527 3560 verbo
2547 3524 2620 3559 se-

1416 3646 1637 3697 NOTAE

495 3742 520 3776 ¹³
565 3745 784 3800 Qucum·
819 3749 867 3793 et
909 3743 1086 3805 viginti
1121 3742 1294 3806 millio]
1346 3743 1488 3794 Octo
1569 3743 1716 3793 mini.
1782 3744 1871 3802 De,
1889 3743 2065 3808 capite
2096 3742 2268 3793 censis
2302 3741 2421 3791 vide
2441 3740 2533 3792 lib.
2554 3755 2621 3794 ιι.

430 3825 634 3869 tantum
666 3818 828 3868 millia
853 3818 1016 3868 habet
1052 3818 1248 3880 Livius,
1270 3818 1354 3867 cui
1374 3819 1490 3867 Ma·
1571 3834 1620 3868 c.
1644 3822 1694 3870 3.
1711 3834 1763 3869 n.
1780 3822 1831 3870 1.

433 3894 640 3945 crebius
698 3894 1009 3944 assentiturz
1075 3901 1296 3958 quatuor
1333 3894 1492 3945 millia
1634 3895 1667 3924 ‘
1686 3894 1788 3945 An.
1807 3895 1886 3946 M.
1905 3897 2052 3943 8889.
2086 3892 2375 3944 01.141.2.
2410 3888 2623 3942 Uriae.

431 3971 563 4035 legit
583 3971 808 4034 Lipsius.
1570 3975 1687 4021 538.
1721 3970 1849 4022 Ant.
1873 3970 1967 4021 Cb.
1984 3973 2100 4018 214.

497 4055 521 4081 ‘²
542 4047 800 4112 Fidicalis]
846 4047 1058 4108 Melius,
1079 4048 1282 4112 opinor,
1300 4047 1491 4113 legeris
1635 4045 1659 4078 ‘¹
1686 4047 1829 4098 cellis
1861 4043 2129 4106 senilibus]
2175 4042 2377 4096 Quibus
2415 4041 2553 4096 servi
2566 4057 2627 4097 ,ι

437 4136 558 4174 cum
604 4122 850 4176 Cluverio
887 4123 1152 4187 Perticalis,
1187 4125 1276 4188 qui
1315 4124 1492 4188 populi
1574 4119 1791 4178 dominis
1812 4116 2229 4170 includebantur.

437 4198 628 4260 Italia,
669 4199 853 4265 Apulis
881 4207 940 4250 et
971 4200 1246 4252 Salentinis
1283 4206 1489 4252 conter-
