<?xml version="1.0" encoding="UTF-8"?>
<!DOCTYPE html PUBLIC "-//W3C//DTD XHTML 1.0 Transitional//EN"
    "http://www.w3.org/TR/xhtml1/DTD/xhtml1-transitional.dtd">
<html xmlns="http://www.w3.org/1999/xhtml" xml:lang="en" lang="en">
 <head>
  <title>
</title>
<meta http-equiv="Content-Type" content="text/html;charset=utf-8" />
  <meta name='ocr-system' content='tesseract 3.04.00' />
  <meta name='ocr-capabilities' content='ocr_page ocr_carea ocr_par ocr_line ocrx_word'/>
</head>
<body>
  <div class='ocr_page' id='page_1' title='image "./valeriimaximifa02maxigoog_0125.png"; bbox 0 0 3144 4925; ppageno 0'>
   <div class='ocr_carea' id='block_1_1' title="bbox 767 337 2561 406">
    <p class='ocr_par' dir='ltr' id='par_1_1' title="bbox 767 337 2561 406">
     <span class='ocr_line' id='line_1_1' title="bbox 767 337 2561 406; baseline 0.007 -13"><span class='ocrx_word' id='word_1_1' title='bbox 767 345 932 394; x_wconf 65' lang='lat' dir='ltr'><strong>cst.</strong></span> <span class='ocrx_word' id='word_1_2' title='bbox 961 345 1072 395; x_wconf 77' lang='lat' dir='ltr'><strong>lx.</strong></span> <span class='ocrx_word' id='word_1_3' title='bbox 1118 347 1216 394; x_wconf 67' lang='lat' dir='ltr'><strong>mi</strong></span> <span class='ocrx_word' id='word_1_4' title='bbox 1268 346 1703 396; x_wconf 67' lang='lat' dir='ltr'><strong>nonnanis</strong></span> <span class='ocrx_word' id='word_1_5' title='bbox 1750 345 2142 398; x_wconf 59' lang='lat' dir='ltr'><strong>Psi-mnus.</strong></span> <span class='ocrx_word' id='word_1_6' title='bbox 2428 337 2561 406; x_wconf 78' lang='grc'><strong>579</strong></span> 
     </span>
    </p>
   </div>
   <div class='ocr_carea' id='block_1_2' title="bbox 377 637 2523 900">
    <p class='ocr_par' dir='ltr' id='par_1_2' title="bbox 377 637 2523 900">
     <span class='ocr_line' id='line_1_2' title="bbox 1261 637 1657 704; baseline 0 -2"><span class='ocrx_word' id='word_1_7' title='bbox 1261 637 1470 704; x_wconf 83' lang='lat' dir='ltr'><strong>cAP.</strong></span> <span class='ocrx_word' id='word_1_8' title='bbox 1515 639 1657 703; x_wconf 90' lang='lat' dir='ltr'><strong>IX.</strong></span> 
     </span>
     <span class='ocr_line' id='line_1_3' title="bbox 377 819 2523 900; baseline 0 -15"><span class='ocrx_word' id='word_1_9' title='bbox 377 819 561 900; x_wconf 77' lang='lat' dir='ltr'><strong>QUI</strong></span> <span class='ocrx_word' id='word_1_10' title='bbox 609 821 1122 888; x_wconf 80' lang='lat' dir='ltr'><strong>MODERATI</strong></span> <span class='ocrx_word' id='word_1_11' title='bbox 1167 821 1432 888; x_wconf 84' lang='lat' dir='ltr'><strong>ERGA</strong></span> <span class='ocrx_word' id='word_1_12' title='bbox 1477 821 2011 889; x_wconf 85' lang='lat' dir='ltr'>SUSPECTOS</span> <span class='ocrx_word' id='word_1_13' title='bbox 2060 823 2523 890; x_wconf 88' lang='lat' dir='ltr'><strong>LIBEROS.¹</strong></span> 
     </span>
    </p>
   </div>
   <div class='ocr_carea' id='block_1_3' title="bbox 389 1022 2055 1153">
    <p class='ocr_par' dir='ltr' id='par_1_3' title="bbox 389 1022 2055 1153">
     <span class='ocr_line' id='line_1_4' title="bbox 392 1022 2055 1102; baseline 0.002 -32"><span class='ocrx_word' id='word_1_14' title='bbox 392 1025 420 1070; x_wconf 91' lang='lat'>1</span> <span class='ocrx_word' id='word_1_15' title='bbox 456 1023 516 1071; x_wconf 80' lang='lat'><strong>1..</strong></span> <span class='ocrx_word' id='word_1_16' title='bbox 540 1022 742 1072; x_wconf 82' lang='lat' dir='ltr'><strong>Gellius</strong></span> <span class='ocrx_word' id='word_1_17' title='bbox 764 1023 1054 1098; x_wconf 62' lang='lat' dir='ltr'><strong>lJoplicole.</strong></span> <span class='ocrx_word' id='word_1_18' title='bbox 1523 1027 1554 1072; x_wconf 71' lang='lat'><em>8</em></span> <span class='ocrx_word' id='word_1_19' title='bbox 1590 1024 1800 1075; x_wconf 82' lang='lat' dir='ltr'><strong>Fulvius</strong></span> <span class='ocrx_word' id='word_1_20' title='bbox 1824 1024 2055 1102; x_wconf 76' lang='lat' dir='ltr'><strong>quidam.</strong></span> 
     </span>
     <span class='ocr_line' id='line_1_5' title="bbox 389 1086 2006 1153; baseline 0.003 -20"><span class='ocrx_word' id='word_1_21' title='bbox 389 1089 422 1133; x_wconf 79' lang='lat'><strong>2</strong></span> <span class='ocrx_word' id='word_1_22' title='bbox 455 1087 521 1138; x_wconf 83' lang='lat' dir='ltr'><strong>Q.</strong></span> <span class='ocrx_word' id='word_1_23' title='bbox 544 1086 854 1137; x_wconf 71' lang='lat' dir='ltr'><strong>Hortensius</strong></span> <span class='ocrx_word' id='word_1_24' title='bbox 873 1093 1068 1138; x_wconf 77' lang='lat' dir='ltr'><strong>orator.</strong></span> <span class='ocrx_word' id='word_1_25' title='bbox 1524 1093 1556 1137; x_wconf 76' lang='grc'>4</span> <span class='ocrx_word' id='word_1_26' title='bbox 1592 1089 1756 1138; x_wconf 77' lang='lat' dir='ltr'><strong>Pater</strong></span> <span class='ocrx_word' id='word_1_27' title='bbox 1774 1089 2006 1153; x_wconf 67' lang='lat' dir='ltr'><strong>quidam.</strong></span> 
     </span>
    </p>
   </div>
   <div class='ocr_carea' id='block_1_4' title="bbox 287 1262 2549 2378">
    <p class='ocr_par' dir='ltr' id='par_1_4' title="bbox 287 1262 2549 1549">
     <span class='ocr_line' id='line_1_6' title="bbox 445 1262 2545 1347; baseline 0.001 -21"><span class='ocrx_word' id='word_1_28' title='bbox 445 1262 597 1326; x_wconf 80' lang='lat' dir='ltr'><strong>Sm)</strong></span> <span class='ocrx_word' id='word_1_29' title='bbox 642 1266 720 1325; x_wconf 92' lang='lat' dir='ltr'><strong>ut</strong></span> <span class='ocrx_word' id='word_1_30' title='bbox 747 1262 922 1327; x_wconf 84' lang='lat' dir='ltr'><strong>hanc</strong></span> <span class='ocrx_word' id='word_1_31' title='bbox 952 1263 1295 1328; x_wconf 82' lang='lat' dir='ltr'><strong>incitatam</strong></span> <span class='ocrx_word' id='word_1_32' title='bbox 1341 1270 1409 1327; x_wconf 88' lang='lat' dir='ltr'><strong>et</strong></span> <span class='ocrx_word' id='word_1_33' title='bbox 1437 1283 1751 1347; x_wconf 79' lang='lat' dir='ltr'><strong>asperam</strong></span> <span class='ocrx_word' id='word_1_34' title='bbox 1792 1265 2215 1330; x_wconf 85' lang='lat' dir='ltr'><strong>severitatem</strong></span> <span class='ocrx_word' id='word_1_35' title='bbox 2244 1264 2545 1328; x_wconf 85' lang='lat' dir='ltr'>mitiores</span> 
     </span>
     <span class='ocr_line' id='line_1_7' title="bbox 351 1364 2549 1448; baseline 0 -21"><span class='ocrx_word' id='word_1_36' title='bbox 351 1364 562 1428; x_wconf 87' lang='lat' dir='ltr'><strong>relatu</strong></span> <span class='ocrx_word' id='word_1_37' title='bbox 587 1370 613 1398; x_wconf 83' lang='lat'>²</span> <span class='ocrx_word' id='word_1_38' title='bbox 656 1370 921 1447; x_wconf 89' lang='lat' dir='ltr'><strong>patrum</strong></span> <span class='ocrx_word' id='word_1_39' title='bbox 973 1384 1192 1428; x_wconf 89' lang='lat' dir='ltr'><strong>mores</strong></span> <span class='ocrx_word' id='word_1_40' title='bbox 1238 1366 1608 1430; x_wconf 72' lang='lat' dir='ltr'><strong>clementiae</strong></span> <span class='ocrx_word' id='word_1_41' title='bbox 1652 1386 1792 1431; x_wconf 86' lang='lat' dir='ltr'><strong>suae</strong></span> <span class='ocrx_word' id='word_1_42' title='bbox 1840 1367 2130 1430; x_wconf 83' lang='lat' dir='ltr'><strong>mixtura</strong></span> <span class='ocrx_word' id='word_1_43' title='bbox 2168 1371 2549 1448; x_wconf 86' lang='lat' dir='ltr'><strong>temperent,</strong></span> 
     </span>
     <span class='ocr_line' id='line_1_8' title="bbox 287 1465 1816 1549; baseline 0.001 -21"><span class='ocrx_word' id='word_1_44' title='bbox 287 1472 291 1478; x_wconf 85' lang='lat'>&#39;</span> <span class='ocrx_word' id='word_1_45' title='bbox 351 1473 621 1530; x_wconf 78' lang='lat' dir='ltr'><strong>exactae</strong></span> <span class='ocrx_word' id='word_1_46' title='bbox 650 1484 870 1547; x_wconf 84' lang='lat' dir='ltr'><strong>poenae</strong></span> <span class='ocrx_word' id='word_1_47' title='bbox 897 1483 1226 1528; x_wconf 90' lang='lat' dir='ltr'><strong>concessa</strong></span> <span class='ocrx_word' id='word_1_48' title='bbox 1255 1466 1458 1528; x_wconf 87' lang='lat' dir='ltr'><strong>venia</strong></span> <span class='ocrx_word' id='word_1_49' title='bbox 1477 1465 1816 1549; x_wconf 86' lang='lat' dir='ltr'><strong>jungatur.</strong></span> 
     </span>
    </p>

    <p class='ocr_par' dir='ltr' id='par_1_5' title="bbox 343 1565 2547 2378">
     <span class='ocr_line' id='line_1_9' title="bbox 441 1565 2546 1630; baseline -0 0"><span class='ocrx_word' id='word_1_50' title='bbox 441 1567 504 1630; x_wconf 90' lang='lat'><strong>1.</strong></span> <span class='ocrx_word' id='word_1_51' title='bbox 547 1565 628 1628; x_wconf 88' lang='lat' dir='ltr'><strong>L.</strong></span> <span class='ocrx_word' id='word_1_52' title='bbox 661 1566 920 1630; x_wconf 86' lang='lat' dir='ltr'><strong>Gellius</strong></span> <span class='ocrx_word' id='word_1_53' title='bbox 943 1573 962 1612; x_wconf 82' lang='lat'>³</span> <span class='ocrx_word' id='word_1_54' title='bbox 983 1573 1009 1601; x_wconf 80' lang='lat'><strong>⁸¹</strong></span> <span class='ocrx_word' id='word_1_55' title='bbox 1052 1565 1362 1629; x_wconf 88' lang='lat' dir='ltr'><strong>omnibus</strong></span> <span class='ocrx_word' id='word_1_56' title='bbox 1392 1565 1757 1629; x_wconf 88' lang='lat' dir='ltr'><strong>honoribus</strong></span> <span class='ocrx_word' id='word_1_57' title='bbox 1782 1566 1868 1630; x_wconf 90' lang='lat' dir='ltr'><strong>ad</strong></span> <span class='ocrx_word' id='word_1_58' title='bbox 1899 1584 2242 1630; x_wconf 86' lang='lat' dir='ltr'><strong>censuram</strong></span> <span class='ocrx_word' id='word_1_59' title='bbox 2274 1565 2546 1629; x_wconf 86' lang='lat' dir='ltr'><strong>defunc-</strong></span> 
     </span>
     <span class='ocr_line' id='line_1_10' title="bbox 351 1665 2547 1749; baseline -0 -19"><span class='ocrx_word' id='word_1_60' title='bbox 351 1673 490 1744; x_wconf 88' lang='lat' dir='ltr'><strong>tus,</strong></span> <span class='ocrx_word' id='word_1_61' title='bbox 522 1688 679 1732; x_wconf 89' lang='lat' dir='ltr'><strong>cum</strong></span> <span class='ocrx_word' id='word_1_62' title='bbox 716 1667 1112 1749; x_wconf 84' lang='lat' dir='ltr'><strong>gravissima</strong></span> <span class='ocrx_word' id='word_1_63' title='bbox 1162 1667 1440 1730; x_wconf 88' lang='lat' dir='ltr'><strong>crimina</strong></span> <span class='ocrx_word' id='word_1_64' title='bbox 1488 1666 1572 1729; x_wconf 91' lang='lat' dir='ltr'><strong>de</strong></span> <span class='ocrx_word' id='word_1_65' title='bbox 1602 1665 1766 1743; x_wconf 88' lang='lat' dir='ltr'><strong>filio,</strong></span> <span class='ocrx_word' id='word_1_66' title='bbox 1813 1666 1883 1728; x_wconf 90' lang='lat' dir='ltr'><strong>in</strong></span> <span class='ocrx_word' id='word_1_67' title='bbox 1914 1671 2319 1729; x_wconf 84' lang='lat' dir='ltr'><strong>novercam4</strong></span> <span class='ocrx_word' id='word_1_68' title='bbox 2364 1685 2547 1729; x_wconf 92' lang='lat' dir='ltr'><strong>com-</strong></span> 
     </span>
     <span class='ocr_line' id='line_1_11' title="bbox 348 1763 2543 1850; baseline -0 -20"><span class='ocrx_word' id='word_1_69' title='bbox 348 1769 626 1832; x_wconf 87' lang='lat' dir='ltr'><strong>missum</strong></span> <span class='ocrx_word' id='word_1_70' title='bbox 675 1774 1003 1850; x_wconf 87' lang='lat' dir='ltr'><strong>stuprum,</strong></span> <span class='ocrx_word' id='word_1_71' title='bbox 1035 1772 1101 1830; x_wconf 88' lang='lat' dir='ltr'><strong>et</strong></span> <span class='ocrx_word' id='word_1_72' title='bbox 1145 1766 1574 1849; x_wconf 88' lang='lat' dir='ltr'><strong>parricidium</strong></span> <span class='ocrx_word' id='word_1_73' title='bbox 1626 1767 2010 1848; x_wconf 86' lang='lat' dir='ltr'><strong>cogitatum,</strong></span> <span class='ocrx_word' id='word_1_74' title='bbox 2062 1763 2543 1850; x_wconf 87' lang='lat' dir='ltr'><strong>propemodum</strong></span> 
     </span>
     <span class='ocr_line' id='line_1_12' title="bbox 348 1868 2546 1953; baseline -0.002 -21"><span class='ocrx_word' id='word_1_75' title='bbox 348 1871 702 1953; x_wconf 81' lang='lat' dir='ltr'><strong>explorata</strong></span> <span class='ocrx_word' id='word_1_76' title='bbox 729 1870 1024 1946; x_wconf 89' lang='lat' dir='ltr'><strong>haberet,</strong></span> <span class='ocrx_word' id='word_1_77' title='bbox 1054 1888 1189 1932; x_wconf 89' lang='lat' dir='ltr'><strong>non</strong></span> <span class='ocrx_word' id='word_1_78' title='bbox 1238 1876 1462 1933; x_wconf 83' lang='lat' dir='ltr'><strong>tamen</strong></span> <span class='ocrx_word' id='word_1_79' title='bbox 1502 1869 1589 1932; x_wconf 88' lang='lat' dir='ltr'><strong>ad</strong></span> <span class='ocrx_word' id='word_1_80' title='bbox 1620 1869 1986 1932; x_wconf 84' lang='lat' dir='ltr'><strong>vindictam</strong></span> <span class='ocrx_word' id='word_1_81' title='bbox 2031 1868 2362 1950; x_wconf 87' lang='lat' dir='ltr'><strong>procurrit</strong></span> <span class='ocrx_word' id='word_1_82' title='bbox 2389 1887 2546 1930; x_wconf 89' lang='lat' dir='ltr'><strong>con-</strong></span> 
     </span>
     <span class='ocr_line' id='line_1_13' title="bbox 345 1968 2546 2054; baseline -0.002 -20"><span class='ocrx_word' id='word_1_83' title='bbox 345 1971 562 2048; x_wconf 84' lang='lat' dir='ltr'><strong>tinu0,</strong></span> <span class='ocrx_word' id='word_1_84' title='bbox 592 1972 714 2035; x_wconf 89' lang='lat' dir='ltr'><strong>sed</strong></span> <span class='ocrx_word' id='word_1_85' title='bbox 740 1989 934 2054; x_wconf 84' lang='lat' dir='ltr'><strong>paene</strong></span> <span class='ocrx_word' id='word_1_86' title='bbox 964 1971 1277 2034; x_wconf 82' lang='lat' dir='ltr'><strong>universo</strong></span> <span class='ocrx_word' id='word_1_87' title='bbox 1310 1976 1548 2032; x_wconf 90' lang='lat' dir='ltr'><strong>senatu</strong></span> <span class='ocrx_word' id='word_1_88' title='bbox 1590 1969 1890 2032; x_wconf 87' lang='lat' dir='ltr'><strong>adhibito</strong></span> <span class='ocrx_word' id='word_1_89' title='bbox 1920 1969 1989 2030; x_wconf 88' lang='lat' dir='ltr'><strong>in</strong></span> <span class='ocrx_word' id='word_1_90' title='bbox 2020 1968 2394 2044; x_wconf 82' lang='lat' dir='ltr'><strong>consilium,</strong></span> <span class='ocrx_word' id='word_1_91' title='bbox 2426 1988 2546 2032; x_wconf 87' lang='lat' dir='ltr'><strong>ex-</strong></span> 
     </span>
     <span class='ocr_line' id='line_1_14' title="bbox 343 2069 2542 2156; baseline -0.002 -20"><span class='ocrx_word' id='word_1_92' title='bbox 343 2073 596 2154; x_wconf 87' lang='lat' dir='ltr'><strong>positis</strong></span> <span class='ocrx_word' id='word_1_93' title='bbox 617 2073 1142 2156; x_wconf 69' lang='lat' dir='ltr'><strong>suspicionibus»,</strong></span> <span class='ocrx_word' id='word_1_94' title='bbox 1173 2071 1570 2134; x_wconf 87' lang='lat' dir='ltr'><strong>defendendi</strong></span> <span class='ocrx_word' id='word_1_95' title='bbox 1604 2090 1679 2134; x_wconf 88' lang='lat' dir='ltr'><strong>se</strong></span> <span class='ocrx_word' id='word_1_96' title='bbox 1704 2069 2113 2134; x_wconf 88' lang='lat' dir='ltr'><strong>adolescenti</strong></span> <span class='ocrx_word' id='word_1_97' title='bbox 2140 2075 2542 2151; x_wconf 86' lang='lat' dir='ltr'><strong>potestatem</strong></span> 
     </span>
     <span class='ocr_line' id='line_1_15' title="bbox 343 2170 2541 2256; baseline -0 -21"><span class='ocrx_word' id='word_1_98' title='bbox 343 2172 523 2236; x_wconf 88' lang='lat' dir='ltr'><strong>fecit.</strong></span> <span class='ocrx_word' id='word_1_99' title='bbox 615 2171 1064 2256; x_wconf 88' lang='lat' dir='ltr'><strong>Inspectaque</strong></span> <span class='ocrx_word' id='word_1_100' title='bbox 1090 2170 1591 2252; x_wconf 85' lang='lat' dir='ltr'><strong>diligentissime</strong></span> <span class='ocrx_word' id='word_1_101' title='bbox 1624 2191 1857 2248; x_wconf 87' lang='lat' dir='ltr'><strong>causa,</strong></span> <span class='ocrx_word' id='word_1_102' title='bbox 1888 2171 2186 2234; x_wconf 85' lang='lat' dir='ltr'><strong>absolvit</strong></span> <span class='ocrx_word' id='word_1_103' title='bbox 2222 2189 2373 2233; x_wconf 91' lang='lat' dir='ltr'><strong>eum</strong></span> <span class='ocrx_word' id='word_1_104' title='bbox 2403 2177 2541 2234; x_wconf 91' lang='lat' dir='ltr'><strong>tum</strong></span> 
     </span>
     <span class='ocr_line' id='line_1_16' title="bbox 345 2271 2539 2378; baseline -0.002 -40"><span class='ocrx_word' id='word_1_105' title='bbox 345 2275 637 2352; x_wconf 87' lang='lat' dir='ltr'><strong>consilii,</strong></span> <span class='ocrx_word' id='word_1_106' title='bbox 669 2279 810 2339; x_wconf 89' lang='lat' dir='ltr'><strong>tum</strong></span> <span class='ocrx_word' id='word_1_107' title='bbox 847 2277 1049 2378; x_wconf 70' lang='lat' dir='ltr'><strong>etiam</strong></span> <span class='ocrx_word' id='word_1_108' title='bbox 1100 2292 1225 2336; x_wconf 88' lang='lat' dir='ltr'><strong>sua</strong></span> <span class='ocrx_word' id='word_1_109' title='bbox 1255 2273 1642 2336; x_wconf 77' lang='lat' dir='ltr'><strong>sententia.⁵</strong></span> <span class='ocrx_word' id='word_1_110' title='bbox 1749 2271 1953 2350; x_wconf 84' lang='lat' dir='ltr'><strong>Quod</strong></span> <span class='ocrx_word' id='word_1_111' title='bbox 2005 2273 2065 2338; x_wconf 86' lang='lat' dir='ltr'><strong>si</strong></span> <span class='ocrx_word' id='word_1_112' title='bbox 2112 2273 2373 2354; x_wconf 89' lang='lat' dir='ltr'><strong>impetu</strong></span> <span class='ocrx_word' id='word_1_113' title='bbox 2422 2273 2539 2335; x_wconf 81' lang='lat' dir='ltr'><strong>irae</strong></span> 
     </span>
    </p>
   </div>
   <div class='ocr_carea' id='block_1_5' title="bbox 1255 2461 1615 2482">
    <p class='ocr_par' dir='ltr' id='par_1_6' title="bbox 1255 2461 1615 2482">
     <span class='ocr_line' id='line_1_17' title="bbox 1255 2461 1615 2482; baseline -0.003 0"><span class='ocrx_word' id='word_1_114' title='bbox 1255 2461 1615 2482; x_wconf 65' lang='lat' dir='ltr'><strong>Oeemeooeoe</strong></span> 
     </span>
    </p>
   </div>
   <div class='ocr_carea' id='block_1_6' title="bbox 333 2580 2539 3666">
    <p class='ocr_par' dir='ltr' id='par_1_7' title="bbox 333 2580 2539 3666">
     <span class='ocr_line' id='line_1_18' title="bbox 407 2580 2535 2647; baseline -0.001 -18"><span class='ocrx_word' id='word_1_115' title='bbox 407 2586 438 2629; x_wconf 89' lang='lat'>1</span> <span class='ocrx_word' id='word_1_116' title='bbox 477 2580 645 2630; x_wconf 82' lang='lat' dir='ltr'><strong>codd.</strong></span> <span class='ocrx_word' id='word_1_117' title='bbox 681 2580 996 2630; x_wconf 85' lang='lat' dir='ltr'><strong>conveniunt</strong></span> <span class='ocrx_word' id='word_1_118' title='bbox 1030 2581 1140 2631; x_wconf 85' lang='lat' dir='ltr'><strong>fere</strong></span> <span class='ocrx_word' id='word_1_119' title='bbox 1177 2582 1546 2647; x_wconf 76' lang='lat' dir='ltr'><strong>antiquioribus</strong></span> <span class='ocrx_word' id='word_1_120' title='bbox 1565 2581 1685 2631; x_wconf 84' lang='lat' dir='ltr'><strong>edd.</strong></span> <span class='ocrx_word' id='word_1_121' title='bbox 1707 2580 2046 2635; x_wconf 78' lang='lat' dir='ltr'><strong>exhibentes:</strong></span> <span class='ocrx_word' id='word_1_122' title='bbox 2084 2580 2164 2629; x_wconf 86' lang='lat' dir='ltr'><strong>De</strong></span> <span class='ocrx_word' id='word_1_123' title='bbox 2181 2583 2429 2642; x_wconf 72' lang='lat' dir='ltr'><strong>parentum</strong></span> <span class='ocrx_word' id='word_1_124' title='bbox 2450 2580 2535 2626; x_wconf 78' lang='lat' dir='ltr'><strong>ad-</strong></span> 
     </span>
     <span class='ocr_line' id='line_1_19' title="bbox 338 2643 2539 2709; baseline -0.002 -15"><span class='ocrx_word' id='word_1_125' title='bbox 338 2658 509 2694; x_wconf 75' lang='lat' dir='ltr'><strong>versus</strong></span> <span class='ocrx_word' id='word_1_126' title='bbox 521 2650 758 2708; x_wconf 59' lang='lat' dir='ltr'><strong>suspectos</strong></span> <span class='ocrx_word' id='word_1_127' title='bbox 771 2645 942 2694; x_wconf 74' lang='lat' dir='ltr'><strong>liberos</strong></span> <span class='ocrx_word' id='word_1_128' title='bbox 965 2647 1390 2696; x_wconf 57' lang='lat' dir='ltr'><strong>moderatione—2</strong></span> <span class='ocrx_word' id='word_1_129' title='bbox 1412 2648 1500 2697; x_wconf 88' lang='lat' dir='ltr'><strong>Sic</strong></span> <span class='ocrx_word' id='word_1_130' title='bbox 1519 2648 1711 2709; x_wconf 80' lang='lat' dir='ltr'><strong>Copes.</strong></span> <span class='ocrx_word' id='word_1_131' title='bbox 1737 2646 1883 2694; x_wconf 88' lang='lat' dir='ltr'><strong>Leid.</strong></span> <span class='ocrx_word' id='word_1_132' title='bbox 1898 2650 1946 2693; x_wconf 81' lang='lat'><strong>6.</strong></span> <span class='ocrx_word' id='word_1_133' title='bbox 1965 2645 2157 2705; x_wconf 84' lang='lat' dir='ltr'><strong>Ultraj.</strong></span> <span class='ocrx_word' id='word_1_134' title='bbox 2176 2650 2222 2692; x_wconf 87' lang='lat' dir='ltr'><strong>l.</strong></span> <span class='ocrx_word' id='word_1_135' title='bbox 2236 2648 2288 2691; x_wconf 85' lang='lat'><strong>2.</strong></span> <span class='ocrx_word' id='word_1_136' title='bbox 2310 2651 2365 2691; x_wconf 87' lang='lat' dir='ltr'><strong>et</strong></span> <span class='ocrx_word' id='word_1_137' title='bbox 2377 2643 2539 2691; x_wconf 82' lang='lat' dir='ltr'><strong>Barb.</strong></span> 
     </span>
     <span class='ocr_line' id='line_1_20' title="bbox 342 2706 2533 2773; baseline -0.001 -16"><span class='ocrx_word' id='word_1_138' title='bbox 342 2714 394 2759; x_wconf 87' lang='lat'><strong>1.</strong></span> <span class='ocrx_word' id='word_1_139' title='bbox 417 2724 534 2758; x_wconf 87' lang='lat' dir='ltr'><strong>cum</strong></span> <span class='ocrx_word' id='word_1_140' title='bbox 555 2710 679 2758; x_wconf 85' lang='lat' dir='ltr'><strong>Vet.</strong></span> <span class='ocrx_word' id='word_1_141' title='bbox 701 2710 842 2758; x_wconf 78' lang='lat' dir='ltr'><strong>relati</strong></span> <span class='ocrx_word' id='word_1_142' title='bbox 863 2709 1053 2759; x_wconf 86' lang='lat' dir='ltr'><strong>habent</strong></span> <span class='ocrx_word' id='word_1_143' title='bbox 1071 2712 1312 2760; x_wconf 83' lang='lat' dir='ltr'><strong>undecim</strong></span> <span class='ocrx_word' id='word_1_144' title='bbox 1342 2711 1494 2761; x_wconf 84' lang='lat' dir='ltr'><strong>codd.</strong></span> <span class='ocrx_word' id='word_1_145' title='bbox 1525 2710 1747 2759; x_wconf 79' lang='lat' dir='ltr'><strong>Torren-</strong></span> <span class='ocrx_word' id='word_1_146' title='bbox 1772 2708 1911 2773; x_wconf 84' lang='lat' dir='ltr'><strong>quod</strong></span> <span class='ocrx_word' id='word_1_147' title='bbox 1932 2709 2209 2757; x_wconf 84' lang='lat' dir='ltr'><strong>Perizonio</strong></span> <span class='ocrx_word' id='word_1_148' title='bbox 2226 2706 2533 2770; x_wconf 64' lang='lat' dir='ltr'><strong>placuit—3</strong></span> 
     </span>
     <span class='ocr_line' id='line_1_21' title="bbox 339 2769 2537 2837; baseline -0.003 -16"><span class='ocrx_word' id='word_1_149' title='bbox 339 2772 475 2823; x_wconf 86' lang='lat' dir='ltr'><strong>Cod.</strong></span> <span class='ocrx_word' id='word_1_150' title='bbox 499 2774 756 2831; x_wconf 53' lang='lat' dir='ltr'><strong>Lavernih</strong></span> <span class='ocrx_word' id='word_1_151' title='bbox 779 2781 838 2822; x_wconf 83' lang='lat' dir='ltr'><strong>ut</strong></span> <span class='ocrx_word' id='word_1_152' title='bbox 861 2780 915 2822; x_wconf 82' lang='lat' dir='ltr'><strong>et</strong></span> <span class='ocrx_word' id='word_1_153' title='bbox 934 2775 1133 2837; x_wconf 79' lang='lat' dir='ltr'><strong>aliquot</strong></span> <span class='ocrx_word' id='word_1_154' title='bbox 1170 2776 1388 2823; x_wconf 83' lang='lat' dir='ltr'><strong>Torren.</strong></span> <span class='ocrx_word' id='word_1_155' title='bbox 1426 2776 1486 2825; x_wconf 77' lang='lat'><strong>1..</strong></span> <span class='ocrx_word' id='word_1_156' title='bbox 1523 2776 1773 2834; x_wconf 65' lang='lat' dir='ltr'><strong>Agonia-25</strong></span> <span class='ocrx_word' id='word_1_157' title='bbox 1819 2773 1906 2820; x_wconf 84' lang='lat' dir='ltr'><strong>alii</strong></span> <span class='ocrx_word' id='word_1_158' title='bbox 1942 2772 2244 2835; x_wconf 85' lang='lat' dir='ltr'><strong>simpliciter</strong></span> <span class='ocrx_word' id='word_1_159' title='bbox 2278 2769 2498 2829; x_wconf 73' lang='lat' dir='ltr'><strong>Agellius</strong></span> <span class='ocrx_word' id='word_1_160' title='bbox 2516 2782 2537 2823; x_wconf 80' lang='lat'><strong>,-</strong></span> 
     </span>
     <span class='ocr_line' id='line_1_22' title="bbox 337 2831 2535 2900; baseline -0.003 -15"><span class='ocrx_word' id='word_1_161' title='bbox 337 2836 490 2885; x_wconf 83' lang='lat' dir='ltr'><strong>Leid.</strong></span> <span class='ocrx_word' id='word_1_162' title='bbox 527 2842 574 2887; x_wconf 78' lang='lat'><strong>3.</strong></span> <span class='ocrx_word' id='word_1_163' title='bbox 594 2838 814 2899; x_wconf 73' lang='lat' dir='ltr'><strong>Agellius</strong></span> <span class='ocrx_word' id='word_1_164' title='bbox 850 2838 1036 2887; x_wconf 75' lang='lat' dir='ltr'><strong>Lucius.</strong></span> <span class='ocrx_word' id='word_1_165' title='bbox 1117 2840 1245 2887; x_wconf 79' lang='lat' dir='ltr'><strong>Mox</strong></span> <span class='ocrx_word' id='word_1_166' title='bbox 1294 2839 1477 2900; x_wconf 80' lang='lat' dir='ltr'><strong>Aldus,</strong></span> <span class='ocrx_word' id='word_1_167' title='bbox 1531 2842 1596 2887; x_wconf 76' lang='lat' dir='ltr'><strong>ad</strong></span> <span class='ocrx_word' id='word_1_168' title='bbox 1642 2850 1885 2887; x_wconf 74' lang='lat' dir='ltr'><strong>cemram</strong></span> <span class='ocrx_word' id='word_1_169' title='bbox 1924 2850 2067 2899; x_wconf 76' lang='lat' dir='ltr'><strong>usque</strong></span> <span class='ocrx_word' id='word_1_170' title='bbox 2108 2834 2357 2894; x_wconf 71' lang='lat' dir='ltr'><strong>defunc-m</strong></span> <span class='ocrx_word' id='word_1_171' title='bbox 2379 2849 2397 2889; x_wconf 69' lang='lat'><strong>,⁶</strong></span> <span class='ocrx_word' id='word_1_172' title='bbox 2442 2831 2535 2886; x_wconf 75' lang='lat' dir='ltr'><strong>sed</strong></span> 
     </span>
     <span class='ocr_line' id='line_1_23' title="bbox 337 2895 2539 2965; baseline -0.003 -16"><span class='ocrx_word' id='word_1_173' title='bbox 337 2901 558 2963; x_wconf 80' lang='lat' dir='ltr'><strong>Pighius</strong></span> <span class='ocrx_word' id='word_1_174' title='bbox 581 2917 722 2965; x_wconf 71' lang='lat' dir='ltr'><strong>usque</strong></span> <span class='ocrx_word' id='word_1_175' title='bbox 745 2904 1016 2965; x_wconf 81' lang='lat' dir='ltr'><strong>expunxit,</strong></span> <span class='ocrx_word' id='word_1_176' title='bbox 1055 2904 1192 2965; x_wconf 85' lang='lat' dir='ltr'><strong>quod</strong></span> <span class='ocrx_word' id='word_1_177' title='bbox 1229 2904 1280 2953; x_wconf 86' lang='lat' dir='ltr'><strong>in</strong></span> <span class='ocrx_word' id='word_1_178' title='bbox 1317 2902 1473 2952; x_wconf 83' lang='lat' dir='ltr'><strong>codd.</strong></span> <span class='ocrx_word' id='word_1_179' title='bbox 1498 2902 1550 2949; x_wconf 90' lang='lat' dir='ltr'><strong>id</strong></span> <span class='ocrx_word' id='word_1_180' title='bbox 1576 2916 1678 2949; x_wconf 80' lang='lat' dir='ltr'><strong>non</strong></span> <span class='ocrx_word' id='word_1_181' title='bbox 1710 2901 2017 2962; x_wconf 80' lang='lat' dir='ltr'><strong>reperisset:</strong></span> <span class='ocrx_word' id='word_1_182' title='bbox 2052 2899 2201 2947; x_wconf 79' lang='lat' dir='ltr'><strong>abest</strong></span> <span class='ocrx_word' id='word_1_183' title='bbox 2220 2912 2249 2947; x_wconf 89' lang='lat' dir='ltr'><strong>a</strong></span> <span class='ocrx_word' id='word_1_184' title='bbox 2272 2895 2467 2945; x_wconf 71' lang='lat' dir='ltr'><strong>Brund.</strong></span> <span class='ocrx_word' id='word_1_185' title='bbox 2492 2901 2539 2944; x_wconf 87' lang='lat'><strong>1.</strong></span> 
     </span>
     <span class='ocr_line' id='line_1_24' title="bbox 337 2960 2537 3027; baseline -0.004 -14"><span class='ocrx_word' id='word_1_186' title='bbox 337 2969 394 3013; x_wconf 79' lang='lat'><strong>2.</strong></span> <span class='ocrx_word' id='word_1_187' title='bbox 423 2966 749 3015; x_wconf 80' lang='lat' dir='ltr'><strong>Torrenianis</strong></span> <span class='ocrx_word' id='word_1_188' title='bbox 773 2974 828 3013; x_wconf 86' lang='lat' dir='ltr'><strong>et</strong></span> <span class='ocrx_word' id='word_1_189' title='bbox 849 2966 1094 3027; x_wconf 82' lang='lat' dir='ltr'><strong>Mog.·-4</strong></span> <span class='ocrx_word' id='word_1_190' title='bbox 1131 2968 1220 3015; x_wconf 87' lang='lat' dir='ltr'><strong>Sic</strong></span> <span class='ocrx_word' id='word_1_191' title='bbox 1244 2968 1366 3015; x_wconf 81' lang='lat' dir='ltr'><strong>Vet.</strong></span> <span class='ocrx_word' id='word_1_192' title='bbox 1389 2981 1506 3015; x_wconf 87' lang='lat' dir='ltr'><strong>cum</strong></span> <span class='ocrx_word' id='word_1_193' title='bbox 1531 2966 1645 3013; x_wconf 78' lang='lat' dir='ltr'><strong>aliis</strong></span> <span class='ocrx_word' id='word_1_194' title='bbox 1668 2965 1822 3013; x_wconf 78' lang='lat' dir='ltr'><strong>editt.</strong></span> <span class='ocrx_word' id='word_1_195' title='bbox 1844 2971 1899 3013; x_wconf 79' lang='lat' dir='ltr'><strong>et</strong></span> <span class='ocrx_word' id='word_1_196' title='bbox 1937 2971 2158 3026; x_wconf 78' lang='lat' dir='ltr'><strong>utroque</strong></span> <span class='ocrx_word' id='word_1_197' title='bbox 2192 2960 2390 3009; x_wconf 69' lang='lat' dir='ltr'><strong>Brund.</strong></span> <span class='ocrx_word' id='word_1_198' title='bbox 2430 2974 2537 3006; x_wconf 82' lang='lat' dir='ltr'><strong>om-</strong></span> 
     </span>
     <span class='ocr_line' id='line_1_25' title="bbox 336 3027 2537 3094; baseline -0.002 -18"><span class='ocrx_word' id='word_1_199' title='bbox 336 3028 593 3094; x_wconf 79' lang='lat' dir='ltr'><strong>nibusque</strong></span> <span class='ocrx_word' id='word_1_200' title='bbox 615 3030 853 3081; x_wconf 73' lang='lat' dir='ltr'><strong>&#39;sorrenii</strong></span> <span class='ocrx_word' id='word_1_201' title='bbox 879 3031 1006 3079; x_wconf 73' lang='lat' dir='ltr'><strong>MsS.</strong></span> <span class='ocrx_word' id='word_1_202' title='bbox 1069 3032 1222 3079; x_wconf 81' lang='lat' dir='ltr'><strong>Solus</strong></span> <span class='ocrx_word' id='word_1_203' title='bbox 1245 3032 1428 3093; x_wconf 82' lang='lat' dir='ltr'><strong>Camp.</strong></span> <span class='ocrx_word' id='word_1_204' title='bbox 1451 3044 1557 3077; x_wconf 77' lang='lat' dir='ltr'><strong>cum</strong></span> <span class='ocrx_word' id='word_1_205' title='bbox 1578 3042 1793 3089; x_wconf 73' lang='lat' dir='ltr'><strong>noverea,</strong></span> <span class='ocrx_word' id='word_1_206' title='bbox 1816 3028 1951 3091; x_wconf 87' lang='lat' dir='ltr'><strong>quod</strong></span> <span class='ocrx_word' id='word_1_207' title='bbox 1978 3027 2192 3089; x_wconf 79' lang='lat' dir='ltr'><strong>Pighius</strong></span> <span class='ocrx_word' id='word_1_208' title='bbox 2218 3032 2405 3087; x_wconf 80' lang='lat' dir='ltr'><strong>praeter</strong></span> <span class='ocrx_word' id='word_1_209' title='bbox 2428 3037 2537 3071; x_wconf 85' lang='lat' dir='ltr'><strong>rem</strong></span> 
     </span>
     <span class='ocr_line' id='line_1_26' title="bbox 336 3087 2537 3159; baseline -0.004 -18"><span class='ocrx_word' id='word_1_210' title='bbox 336 3095 592 3155; x_wconf 79' lang='lat' dir='ltr'><strong>praetulit.</strong></span> <span class='ocrx_word' id='word_1_211' title='bbox 627 3093 775 3144; x_wconf 86' lang='lat' dir='ltr'><strong>Leid.</strong></span> <span class='ocrx_word' id='word_1_212' title='bbox 795 3101 932 3156; x_wconf 82' lang='lat' dir='ltr'><strong>sept.</strong></span> <span class='ocrx_word' id='word_1_213' title='bbox 957 3093 1136 3156; x_wconf 83' lang='lat' dir='ltr'><strong>habet,</strong></span> <span class='ocrx_word' id='word_1_214' title='bbox 1170 3109 1264 3159; x_wconf 89' lang='lat' dir='ltr'><strong>pro</strong></span> <span class='ocrx_word' id='word_1_215' title='bbox 1299 3110 1348 3144; x_wconf 82' lang='lat' dir='ltr'><strong>v.</strong></span> <span class='ocrx_word' id='word_1_216' title='bbox 1372 3097 1404 3143; x_wconf 89' lang='lat' dir='ltr'><strong>l.</strong></span> <span class='ocrx_word' id='word_1_217' title='bbox 1431 3096 1482 3141; x_wconf 75' lang='lat' dir='ltr'><strong>in</strong></span> <span class='ocrx_word' id='word_1_218' title='bbox 1501 3108 1721 3143; x_wconf 67' lang='lat' dir='ltr'><strong>moereo.</strong></span> <span class='ocrx_word' id='word_1_219' title='bbox 1790 3092 1968 3141; x_wconf 81' lang='lat' dir='ltr'><strong>Nihilo</strong></span> <span class='ocrx_word' id='word_1_220' title='bbox 1990 3090 2213 3140; x_wconf 67' lang='lat' dir='ltr'><strong>fortasse</strong></span> <span class='ocrx_word' id='word_1_221' title='bbox 2254 3090 2417 3152; x_wconf 76' lang='lat' dir='ltr'><strong>pejus,</strong></span> <span class='ocrx_word' id='word_1_222' title='bbox 2450 3087 2537 3148; x_wconf 81' lang='lat' dir='ltr'><strong>ju-</strong></span> 
     </span>
     <span class='ocr_line' id='line_1_27' title="bbox 337 3154 2536 3221; baseline -0.002 -18"><span class='ocrx_word' id='word_1_223' title='bbox 337 3157 456 3205; x_wconf 81' lang='lat' dir='ltr'><strong>dice</strong></span> <span class='ocrx_word' id='word_1_224' title='bbox 479 3158 747 3208; x_wconf 84' lang='lat' dir='ltr'><strong>Torrenio.</strong></span> <span class='ocrx_word' id='word_1_225' title='bbox 809 3158 916 3205; x_wconf 85' lang='lat' dir='ltr'><strong>Pro</strong></span> <span class='ocrx_word' id='word_1_226' title='bbox 939 3160 1186 3221; x_wconf 76' lang='lat' dir='ltr'><strong>explorata</strong></span> <span class='ocrx_word' id='word_1_227' title='bbox 1206 3159 1330 3207; x_wconf 88' lang='lat' dir='ltr'><strong>Vet.</strong></span> <span class='ocrx_word' id='word_1_228' title='bbox 1354 3159 1741 3218; x_wconf 49' lang='lat' dir='ltr'><strong>excogitatae-5</strong></span> <span class='ocrx_word' id='word_1_229' title='bbox 1784 3157 1798 3185; x_wconf 86' lang='lat'>‘</span> <span class='ocrx_word' id='word_1_230' title='bbox 1824 3156 1977 3219; x_wconf 83' lang='lat' dir='ltr'><strong>Pigh.</strong></span> <span class='ocrx_word' id='word_1_231' title='bbox 2000 3154 2198 3203; x_wconf 72' lang='lat' dir='ltr'><strong>absolvit</strong></span> <span class='ocrx_word' id='word_1_232' title='bbox 2220 3168 2327 3201; x_wconf 82' lang='lat' dir='ltr'><strong>eum</strong></span> <span class='ocrx_word' id='word_1_233' title='bbox 2349 3154 2407 3200; x_wconf 79' lang='lat' dir='ltr'><strong>de</strong></span> <span class='ocrx_word' id='word_1_234' title='bbox 2428 3166 2536 3200; x_wconf 81' lang='lat' dir='ltr'><strong>con-</strong></span> 
     </span>
     <span class='ocr_line' id='line_1_28' title="bbox 333 3218 2533 3287; baseline -0.001 -18"><span class='ocrx_word' id='word_1_235' title='bbox 333 3220 458 3281; x_wconf 67' lang='lat' dir='ltr'><strong>sini,</strong></span> <span class='ocrx_word' id='word_1_236' title='bbox 482 3228 583 3270; x_wconf 75' lang='lat' dir='ltr'><strong>tum</strong></span> <span class='ocrx_word' id='word_1_237' title='bbox 612 3223 756 3271; x_wconf 78' lang='lat' dir='ltr'><strong>etiam</strong></span> <span class='ocrx_word' id='word_1_238' title='bbox 790 3236 876 3269; x_wconf 79' lang='lat' dir='ltr'><strong>sua</strong></span> <span class='ocrx_word' id='word_1_239' title='bbox 917 3223 1168 3271; x_wconf 75' lang='lat' dir='ltr'><strong>sententia.</strong></span> <span class='ocrx_word' id='word_1_240' title='bbox 1237 3222 1414 3271; x_wconf 87' lang='lat' dir='ltr'><strong>Primo</strong></span> <span class='ocrx_word' id='word_1_241' title='bbox 1457 3221 1597 3284; x_wconf 82' lang='lat' dir='ltr'><strong>prius</strong></span> <span class='ocrx_word' id='word_1_242' title='bbox 1632 3226 1752 3283; x_wconf 78' lang='lat' dir='ltr'><strong>tum,</strong></span> <span class='ocrx_word' id='word_1_243' title='bbox 1784 3220 2001 3287; x_wconf 69' lang='lat' dir='ltr'><strong>videtur⁸</strong></span> <span class='ocrx_word' id='word_1_244' title='bbox 2026 3218 2207 3268; x_wconf 68' lang='lat' dir='ltr'><strong>abesse</strong></span> <span class='ocrx_word' id='word_1_245' title='bbox 2238 3232 2338 3267; x_wconf 84' lang='lat' dir='ltr'><strong>non</strong></span> <span class='ocrx_word' id='word_1_246' title='bbox 2367 3228 2533 3280; x_wconf 83' lang='lat' dir='ltr'><strong>posse.</strong></span> 
     </span>
     <span class='ocr_line' id='line_1_29' title="bbox 334 3279 2536 3351; baseline -0.004 -18"><span class='ocrx_word' id='word_1_247' title='bbox 334 3285 410 3333; x_wconf 83' lang='lat' dir='ltr'><strong>Et</strong></span> <span class='ocrx_word' id='word_1_248' title='bbox 430 3294 652 3349; x_wconf 79' lang='lat' dir='ltr'><strong>apparet</strong></span> <span class='ocrx_word' id='word_1_249' title='bbox 671 3286 807 3334; x_wconf 88' lang='lat' dir='ltr'><strong>idem</strong></span> <span class='ocrx_word' id='word_1_250' title='bbox 832 3286 886 3334; x_wconf 85' lang='lat' dir='ltr'><strong>in</strong></span> <span class='ocrx_word' id='word_1_251' title='bbox 909 3292 1123 3351; x_wconf 86' lang='lat' dir='ltr'><strong>utroque</strong></span> <span class='ocrx_word' id='word_1_252' title='bbox 1149 3288 1340 3335; x_wconf 82' lang='lat' dir='ltr'><strong>Brand.</strong></span> <span class='ocrx_word' id='word_1_253' title='bbox 1363 3293 1419 3335; x_wconf 84' lang='lat' dir='ltr'><strong>et</strong></span> <span class='ocrx_word' id='word_1_254' title='bbox 1441 3285 1821 3349; x_wconf 73' lang='lat' dir='ltr'><strong>antiquioribus</strong></span> <span class='ocrx_word' id='word_1_255' title='bbox 1844 3285 1984 3347; x_wconf 84' lang='lat' dir='ltr'><strong>typis</strong></span> <span class='ocrx_word' id='word_1_256' title='bbox 2007 3284 2283 3347; x_wconf 74' lang='lat' dir='ltr'><strong>expressis.</strong></span> <span class='ocrx_word' id='word_1_257' title='bbox 2328 3279 2536 3347; x_wconf 71' lang='lat' dir='ltr'><strong>Deinde</strong></span> 
     </span>
     <span class='ocr_line' id='line_1_30' title="bbox 334 3347 2537 3414; baseline -0.004 -17"><span class='ocrx_word' id='word_1_258' title='bbox 334 3350 465 3399; x_wconf 78' lang='lat' dir='ltr'><strong>satis</strong></span> <span class='ocrx_word' id='word_1_259' title='bbox 484 3365 691 3414; x_wconf 86' lang='lat' dir='ltr'><strong>quoque</strong></span> <span class='ocrx_word' id='word_1_260' title='bbox 709 3356 848 3399; x_wconf 87' lang='lat' dir='ltr'><strong>recte</strong></span> <span class='ocrx_word' id='word_1_261' title='bbox 873 3350 1118 3399; x_wconf 73' lang='lat' dir='ltr'><strong>scribitur</strong></span> <span class='ocrx_word' id='word_1_262' title='bbox 1137 3350 1338 3412; x_wconf 71' lang='lat' dir='ltr'><strong>consilii,</strong></span> <span class='ocrx_word' id='word_1_263' title='bbox 1373 3350 1627 3413; x_wconf 88' lang='lat' dir='ltr'><strong>quomodo</strong></span> <span class='ocrx_word' id='word_1_264' title='bbox 1668 3348 1833 3397; x_wconf 79' lang='lat' dir='ltr'><strong>Aldus</strong></span> <span class='ocrx_word' id='word_1_265' title='bbox 1870 3348 2129 3397; x_wconf 83' lang='lat' dir='ltr'><strong>ediderat.</strong></span> <span class='ocrx_word' id='word_1_266' title='bbox 2196 3347 2362 3395; x_wconf 84' lang='lat' dir='ltr'><strong>Porro</strong></span> <span class='ocrx_word' id='word_1_267' title='bbox 2387 3358 2537 3393; x_wconf 79' lang='lat' dir='ltr'><strong>vocu-</strong></span> 
     </span>
     <span class='ocr_line' id='line_1_31' title="bbox 333 3411 2537 3478; baseline -0.002 -18"><span class='ocrx_word' id='word_1_268' title='bbox 333 3413 438 3461; x_wconf 79' lang='lat' dir='ltr'><strong>lam</strong></span> <span class='ocrx_word' id='word_1_269' title='bbox 460 3416 518 3462; x_wconf 80' lang='lat' dir='ltr'><strong>de</strong></span> <span class='ocrx_word' id='word_1_270' title='bbox 541 3429 710 3478; x_wconf 85' lang='lat' dir='ltr'><strong>neque</strong></span> <span class='ocrx_word' id='word_1_271' title='bbox 735 3421 940 3463; x_wconf 84' lang='lat' dir='ltr'><strong>veteres</strong></span> <span class='ocrx_word' id='word_1_272' title='bbox 981 3414 1122 3477; x_wconf 82' lang='lat' dir='ltr'><strong>typis</strong></span> <span class='ocrx_word' id='word_1_273' title='bbox 1162 3415 1414 3477; x_wconf 77' lang='lat' dir='ltr'><strong>expressi,</strong></span> <span class='ocrx_word' id='word_1_274' title='bbox 1451 3428 1621 3477; x_wconf 85' lang='lat' dir='ltr'><strong>neque</strong></span> <span class='ocrx_word' id='word_1_275' title='bbox 1657 3412 1853 3461; x_wconf 71' lang='lat' dir='ltr'><strong>Brund.</strong></span> <span class='ocrx_word' id='word_1_276' title='bbox 1890 3412 2101 3461; x_wconf 83' lang='lat' dir='ltr'><strong>babent.</strong></span> <span class='ocrx_word' id='word_1_277' title='bbox 2171 3411 2411 3472; x_wconf 85' lang='lat' dir='ltr'><strong>Denique</strong></span> <span class='ocrx_word' id='word_1_278' title='bbox 2448 3421 2537 3471; x_wconf 57' lang='grc' dir='ltr'><strong>ειιειι</strong></span> 
     </span>
     <span class='ocr_line' id='line_1_32' title="bbox 333 3474 2535 3541; baseline -0.004 -16"><span class='ocrx_word' id='word_1_279' title='bbox 333 3479 572 3527; x_wconf 74' lang='lat' dir='ltr'><strong>sententia</strong></span> <span class='ocrx_word' id='word_1_280' title='bbox 593 3478 920 3527; x_wconf 86' lang='lat' dir='ltr'><strong>scribendum</strong></span> <span class='ocrx_word' id='word_1_281' title='bbox 945 3481 1217 3541; x_wconf 83' lang='lat' dir='ltr'><strong>potius,ut</strong></span> <span class='ocrx_word' id='word_1_282' title='bbox 1253 3480 1306 3527; x_wconf 90' lang='lat' dir='ltr'><strong>in</strong></span> <span class='ocrx_word' id='word_1_283' title='bbox 1343 3486 1563 3541; x_wconf 83' lang='lat' dir='ltr'><strong>utroque</strong></span> <span class='ocrx_word' id='word_1_284' title='bbox 1588 3477 1784 3528; x_wconf 86' lang='lat' dir='ltr'><strong>Brand.</strong></span> <span class='ocrx_word' id='word_1_285' title='bbox 1824 3484 1923 3537; x_wconf 87' lang='lat' dir='ltr'><strong>est,</strong></span> <span class='ocrx_word' id='word_1_286' title='bbox 1965 3487 2115 3537; x_wconf 85' lang='lat' dir='ltr'><strong>quam</strong></span> <span class='ocrx_word' id='word_1_287' title='bbox 2158 3474 2391 3523; x_wconf 75' lang='lat' dir='ltr'><strong>sententia</strong></span> <span class='ocrx_word' id='word_1_288' title='bbox 2430 3486 2535 3524; x_wconf 75' lang='lat' dir='ltr'><strong>sua,</strong></span> 
     </span>
     <span class='ocr_line' id='line_1_33' title="bbox 333 3532 2534 3605; baseline -0.004 -16"><span class='ocrx_word' id='word_1_289' title='bbox 333 3542 460 3589; x_wconf 75' lang='lat' dir='ltr'><strong>satis</strong></span> <span class='ocrx_word' id='word_1_290' title='bbox 485 3556 688 3605; x_wconf 84' lang='lat' dir='ltr'><strong>quoque</strong></span> <span class='ocrx_word' id='word_1_291' title='bbox 707 3548 941 3605; x_wconf 83' lang='lat' dir='ltr'><strong>apparet.</strong></span> <span class='ocrx_word' id='word_1_292' title='bbox 988 3542 1071 3589; x_wconf 88' lang='lat' dir='ltr'><strong>Ita</strong></span> <span class='ocrx_word' id='word_1_293' title='bbox 1089 3542 1226 3589; x_wconf 87' lang='lat' dir='ltr'><strong>enim</strong></span> <span class='ocrx_word' id='word_1_294' title='bbox 1247 3543 1476 3591; x_wconf 75' lang='lat' dir='ltr'><strong>sententia</strong></span> <span class='ocrx_word' id='word_1_295' title='bbox 1502 3542 1686 3589; x_wconf 84' lang='lat' dir='ltr'><strong>melius·</strong></span> <span class='ocrx_word' id='word_1_296' title='bbox 1706 3540 1771 3588; x_wconf 82' lang='lat' dir='ltr'><strong>ad</strong></span> <span class='ocrx_word' id='word_1_297' title='bbox 1795 3548 2070 3603; x_wconf 83' lang='lat' dir='ltr'><strong>utrumque</strong></span> <span class='ocrx_word' id='word_1_298' title='bbox 2095 3536 2279 3586; x_wconf 82' lang='lat' dir='ltr'><strong>referri</strong></span> <span class='ocrx_word' id='word_1_299' title='bbox 2301 3532 2534 3600; x_wconf 61' lang='lat' dir='ltr'><strong>poterit!</strong></span> 
     </span>
     <span class='ocr_line' id='line_1_34' title="bbox 342 3603 2531 3666; baseline -0.003 -13"><span class='ocrx_word' id='word_1_300' title='bbox 342 3604 503 3655; x_wconf 76' lang='lat' dir='ltr'><strong>Vorst.</strong></span> <span class='ocrx_word' id='word_1_301' title='bbox 571 3606 706 3657; x_wconf 82' lang='lat' dir='ltr'><strong>Haec</strong></span> <span class='ocrx_word' id='word_1_302' title='bbox 726 3607 900 3655; x_wconf 81' lang='lat' dir='ltr'><strong>omnia</strong></span> <span class='ocrx_word' id='word_1_303' title='bbox 925 3612 1182 3655; x_wconf 79' lang='lat' dir='ltr'><strong>testantur</strong></span> <span class='ocrx_word' id='word_1_304' title='bbox 1203 3607 1356 3657; x_wconf 86' lang='lat' dir='ltr'><strong>codd.</strong></span> <span class='ocrx_word' id='word_1_305' title='bbox 1381 3608 1599 3655; x_wconf 78' lang='lat' dir='ltr'><strong>&#39;l&#39;o-rren.</strong></span> <span class='ocrx_word' id='word_1_306' title='bbox 1647 3604 1906 3653; x_wconf 82' lang='lat' dir='ltr'><strong>Klokkius</strong></span> <span class='ocrx_word' id='word_1_307' title='bbox 1926 3603 2171 3666; x_wconf 82' lang='lat' dir='ltr'><strong>legebat:</strong></span> <span class='ocrx_word' id='word_1_308' title='bbox 2206 3608 2309 3649; x_wconf 72' lang='lat' dir='ltr'><strong>tum</strong></span> <span class='ocrx_word' id='word_1_309' title='bbox 2329 3604 2387 3648; x_wconf 79' lang='lat' dir='ltr'><strong>de</strong></span> <span class='ocrx_word' id='word_1_310' title='bbox 2424 3612 2531 3647; x_wconf 76' lang='lat' dir='ltr'><strong>con-</strong></span> 
     </span>
    </p>
   </div>
   <div class='ocr_carea' id='block_1_7' title="bbox 1329 3748 1541 3799">
    <p class='ocr_par' dir='ltr' id='par_1_8' title="bbox 1329 3748 1541 3799">
     <span class='ocr_line' id='line_1_35' title="bbox 1329 3748 1541 3799; baseline -0.009 0"><span class='ocrx_word' id='word_1_311' title='bbox 1329 3748 1541 3799; x_wconf 79' lang='lat' dir='ltr'>NOTAE</span> 
     </span>
    </p>
   </div>
   <div class='ocr_carea' id='block_1_8' title="bbox 333 3823 2533 3998">
    <p class='ocr_par' dir='ltr' id='par_1_9' title="bbox 333 3823 2533 3998">
     <span class='ocr_line' id='line_1_36' title="bbox 399 3823 2533 3926; baseline -0.007 -14"><span class='ocrx_word' id='word_1_312' title='bbox 399 3870 424 3895; x_wconf 78' lang='lat'>²</span> <span class='ocrx_word' id='word_1_313' title='bbox 456 3864 515 3913; x_wconf 77' lang='lat'><strong>1..</strong></span> <span class='ocrx_word' id='word_1_314' title='bbox 539 3863 752 3926; x_wconf 78' lang='lat' dir='ltr'><strong>Gellius]</strong></span> <span class='ocrx_word' id='word_1_315' title='bbox 806 3862 1094 3924; x_wconf 80' lang='lat' dir='ltr'><strong>Publicola,</strong></span> <span class='ocrx_word' id='word_1_316' title='bbox 1131 3823 1216 3925; x_wconf 77' lang='lat' dir='ltr'><strong>qui</strong></span> <span class='ocrx_word' id='word_1_317' title='bbox 1247 3824 1394 3910; x_wconf 26' lang='lat' dir='ltr'><strong>*Con-</strong></span> <span class='ocrx_word' id='word_1_318' title='bbox 1473 3859 1735 3909; x_wconf 75' lang='lat' dir='ltr'><strong>Graeciam</strong></span> <span class='ocrx_word' id='word_1_319' title='bbox 1770 3859 2005 3919; x_wconf 81' lang='lat' dir='ltr'><strong>sortitus,</strong></span> <span class='ocrx_word' id='word_1_320' title='bbox 2042 3854 2261 3905; x_wconf 82' lang='lat' dir='ltr'><strong>Athenis</strong></span> <span class='ocrx_word' id='word_1_321' title='bbox 2296 3850 2533 3901; x_wconf 83' lang='lat' dir='ltr'><strong>Philoso-</strong></span> 
     </span>
     <span class='ocr_line' id='line_1_37' title="bbox 333 3926 2531 3998; baseline -0.007 -10"><span class='ocrx_word' id='word_1_322' title='bbox 333 3940 414 3989; x_wconf 81' lang='lat' dir='ltr'><strong>sul</strong></span> <span class='ocrx_word' id='word_1_323' title='bbox 459 3952 594 3988; x_wconf 81' lang='lat' dir='ltr'><strong>auno</strong></span> <span class='ocrx_word' id='word_1_324' title='bbox 634 3939 794 3988; x_wconf 66' lang='lat' dir='ltr'><strong>&#39;Urbis</strong></span> <span class='ocrx_word' id='word_1_325' title='bbox 839 3942 954 3988; x_wconf 73' lang='lat'><strong>68⁰2.</strong></span> <span class='ocrx_word' id='word_1_326' title='bbox 1041 3938 1324 3986; x_wconf 82' lang='lat' dir='ltr'><strong>Proconsul</strong></span> <span class='ocrx_word' id='word_1_327' title='bbox 1364 3950 1396 3983; x_wconf 86' lang='lat' dir='ltr'><strong>a</strong></span> <span class='ocrx_word' id='word_1_328' title='bbox 1473 3937 1605 3998; x_wconf 82' lang='lat' dir='ltr'><strong>phos</strong></span> <span class='ocrx_word' id='word_1_329' title='bbox 1632 3948 1807 3982; x_wconf 85' lang='lat' dir='ltr'><strong>omnes</strong></span> <span class='ocrx_word' id='word_1_330' title='bbox 1831 3933 2050 3993; x_wconf 79' lang='lat' dir='ltr'><strong>vocavit,</strong></span> <span class='ocrx_word' id='word_1_331' title='bbox 2081 3930 2285 3993; x_wconf 85' lang='lat' dir='ltr'><strong>illisque</strong></span> <span class='ocrx_word' id='word_1_332' title='bbox 2308 3926 2531 3975; x_wconf 78' lang='lat' dir='ltr'><strong>suadere</strong></span> 
     </span>
    </p>
   </div>
   <div class='ocr_carea' id='block_1_9' title="bbox 331 4004 2530 4153">
    <p class='ocr_par' dir='ltr' id='par_1_10' title="bbox 331 4004 2530 4153">
     <span class='ocr_line' id='line_1_38' title="bbox 333 4004 2530 4079; baseline -0.008 -15"><span class='ocrx_word' id='word_1_333' title='bbox 333 4015 589 4079; x_wconf 80' lang='lat' dir='ltr'><strong>Spartaco</strong></span> <span class='ocrx_word' id='word_1_334' title='bbox 612 4016 780 4064; x_wconf 80' lang='lat' dir='ltr'><strong>victus</strong></span> <span class='ocrx_word' id='word_1_335' title='bbox 813 4021 914 4076; x_wconf 82' lang='lat' dir='ltr'><strong>est,</strong></span> <span class='ocrx_word' id='word_1_336' title='bbox 951 4019 1006 4063; x_wconf 88' lang='lat' dir='ltr'><strong>et</strong></span> <span class='ocrx_word' id='word_1_337' title='bbox 1024 4026 1274 4077; x_wconf 83' lang='lat' dir='ltr'><strong>oppressa</strong></span> <span class='ocrx_word' id='word_1_338' title='bbox 1297 4012 1393 4061; x_wconf 75' lang='lat' dir='ltr'><strong>Ca·</strong></span> <span class='ocrx_word' id='word_1_339' title='bbox 1475 4017 1691 4059; x_wconf 82' lang='lat' dir='ltr'><strong>conatus</strong></span> <span class='ocrx_word' id='word_1_340' title='bbox 1714 4016 1813 4070; x_wconf 81' lang='lat' dir='ltr'><strong>est,</strong></span> <span class='ocrx_word' id='word_1_341' title='bbox 1845 4017 1902 4056; x_wconf 85' lang='lat' dir='ltr'><strong>ut</strong></span> <span class='ocrx_word' id='word_1_342' title='bbox 1926 4004 2199 4067; x_wconf 78' lang='lat' dir='ltr'><strong>aliquando</strong></span> <span class='ocrx_word' id='word_1_343' title='bbox 2234 4010 2530 4051; x_wconf 74' lang='lat' dir='ltr'><strong>controver-</strong></span> 
     </span>
     <span class='ocr_line' id='line_1_39' title="bbox 331 4078 2528 4153; baseline -0.007 -14"><span class='ocrx_word' id='word_1_344' title='bbox 331 4090 495 4139; x_wconf 79' lang='lat' dir='ltr'><strong>tilinae</strong></span> <span class='ocrx_word' id='word_1_345' title='bbox 519 4090 878 4153; x_wconf 82' lang='lat' dir='ltr'><strong>conjuratione</strong></span> <span class='ocrx_word' id='word_1_346' title='bbox 902 4090 1202 4139; x_wconf 84' lang='lat' dir='ltr'><strong>Ciceronem</strong></span> <span class='ocrx_word' id='word_1_347' title='bbox 1227 4087 1396 4135; x_wconf 84' lang='lat' dir='ltr'><strong>civica</strong></span> <span class='ocrx_word' id='word_1_348' title='bbox 1475 4085 1663 4132; x_wconf 84' lang='lat' dir='ltr'><strong>siarum</strong></span> <span class='ocrx_word' id='word_1_349' title='bbox 1684 4082 1915 4132; x_wconf 84' lang='lat' dir='ltr'><strong>facerent</strong></span> <span class='ocrx_word' id='word_1_350' title='bbox 1940 4080 2165 4128; x_wconf 84' lang='lat' dir='ltr'><strong>modum.</strong></span> <span class='ocrx_word' id='word_1_351' title='bbox 2198 4078 2394 4127; x_wconf 81' lang='lat' dir='ltr'><strong>Censor</strong></span> <span class='ocrx_word' id='word_1_352' title='bbox 2410 4090 2528 4125; x_wconf 80' lang='lat' dir='ltr'><strong>cum</strong></span> 
     </span>
    </p>
   </div>
   <div class='ocr_carea' id='block_1_10' title="bbox 331 4154 2394 4219">
    <p class='ocr_par' dir='ltr' id='par_1_11' title="bbox 331 4154 2394 4219">
     <span class='ocr_line' id='line_1_40' title="bbox 331 4154 2394 4219; baseline -0.008 -3"><span class='ocrx_word' id='word_1_353' title='bbox 331 4180 527 4219; x_wconf 79' lang='lat' dir='ltr'><strong>corona</strong></span> <span class='ocrx_word' id='word_1_354' title='bbox 569 4166 866 4216; x_wconf 83' lang='lat' dir='ltr'><strong>donandum</strong></span> <span class='ocrx_word' id='word_1_355' title='bbox 909 4164 1124 4215; x_wconf 79' lang='lat' dir='ltr'><strong>censuit.</strong></span> <span class='ocrx_word' id='word_1_356' title='bbox 1187 4164 1394 4213; x_wconf 85' lang='lat' dir='ltr'><strong>Praetor</strong></span> <span class='ocrx_word' id='word_1_357' title='bbox 1473 4161 1570 4209; x_wconf 87' lang='lat' dir='ltr'><strong>Cn.</strong></span> <span class='ocrx_word' id='word_1_358' title='bbox 1596 4157 1815 4207; x_wconf 85' lang='lat' dir='ltr'><strong>Lentulo</strong></span> <span class='ocrx_word' id='word_1_359' title='bbox 1850 4156 2196 4205; x_wconf 81' lang='lat' dir='ltr'><strong>64.eSeuatu</strong></span> <span class='ocrx_word' id='word_1_360' title='bbox 2216 4154 2394 4203; x_wconf 82' lang='lat' dir='ltr'><strong>movit.</strong></span> 
     </span>
    </p>
   </div>
  </div>
 </body>
</html>
