3144 4925
626 395 785 442 cn.
823 393 963 443 xn.
1010 394 1317 444 orrims
1370 394 1662 444 Aurum
1717 395 2150 460 mscls‘rms,
2191 387 2314 449 διο.
2427 383 2560 450 ⁷93

366 528 518 610 ejus
566 547 796 593 secum
838 545 1204 592 sermonem
1221 536 1245 574 ⁵
1288 528 1582 593 conferre
1633 537 1939 608 conatos,
1987 531 2077 596 ad
2120 531 2464 598 Euclidem
2483 529 2512 575 ⁶
2531 545 2558 573 ⁸

367 629 795 694 Geometram
837 629 929 692 ire
962 628 1198 712 jussit,
1226 629 1531 695 scientim
1577 629 1726 715 ejus
1770 631 2041 710 cedens,
2069 633 2274 698 immo
2309 636 2560 716 profes·

367 727 591 793 sioni:¹
612 729 643 759 ⁶
1396 755 1401 760 ·

453 829 517 893 2.
563 828 957 894 Gloriantur
981 828 1265 895 Athenae
1306 814 1818 896 armamentario
1849 851 2012 899 sno:
2077 853 2204 900 nec
2235 835 2378 900 sine
2411 855 2572 907 cau-

371 947 491 1009 sa;
534 937 643 994 est
672 930 851 994 enim
880 930 1047 995 illud
1075 949 1253 1013 opus
1282 937 1349 997 et
1374 931 1680 1014 impensa
1719 938 1790 998 et
1830 935 2165 1016 elegantia
2188 936 2571 1002 visendum.

371 1029 587 1115 Cujus
614 1030 1055 1096 architectum
1100 1031 1445 1095 Philonem
1472 1033 1569 1095 ita
1597 1031 1883 1097 facunde
1925 1035 2250 1100 rationem
2291 1037 2566 1102 institu-

368 1131 573 1194 tionis
598 1149 743 1194 suae
771 1132 841 1194 in
884 1131 1144 1222 theatro
1196 1131 1570 1196 reddidisse
1618 1140 1906 1212 constat,
1955 1142 2035 1198 ut
2085 1135 2568 1202 disertissimus

371 1231 663 1314 populus
690 1251 821 1296 non
850 1233 1165 1296 minorem
1205 1233 1477 1297 landem
1520 1235 1918 1316 eloquentiae
1970 1234 2141 1318 ejus,
2184 1255 2388 1318 quam
2435 1236 2566 1302 arti

374 1332 742 1397 tribueret!

456 1433 522 1496 3.
568 1431 859 1497 Mirifice
885 1441 957 1498 et
984 1434 1098 1497 ille
1126 1432 1424 1512 artifex,⁸
1478 1436 1596 1517 qui
1626 1435 1695 1498 in
1722 1455 1929 1518 opere
1961 1454 2086 1500 sno
2135 1437 2390 1502 moneri
2419 1457 2494 1503 se
2529 1457 2574 1503 a

374 1543 604 1597 sutore
624 1533 649 1571 ⁸
704 1534 789 1598 de
816 1534 1115 1618 crepida,
1146 1539 1214 1598 et
1241 1532 1542 1600 ansulisf
1572 1555 1844 1618 passus,
1873 1537 1958 1601 de
1987 1555 2176 1601 crure
2203 1539 2405 1601 etiam
2435 1538 2576 1602 dis-

371 1638 608 1716 putare
634 1633 1077 1717 incipientem,
1108 1653 1311 1717 snpra
1339 1634 1638 1717 plantam
1667 1635 2024 1700 ascendere
2053 1636 2330 1700 vetuit)

1300 1792 1332 1811 0

376 1895 543 1959 ipsum
582 1900 785 1944 textum
824 1895 1029 1946 intulit:
1066 1902 1123 1944 nt
1160 1895 1505 1959 intelligatur,
1540 1897 1806 1946 Valerium
1846 1910 2002 1960 agere
2039 1896 2106 1944 de
2147 1909 2268 1946 arce
2303 1895 2580 1959 Minervte,

373 1958 712 2008 celeberrimo
734 1965 787 2007 et
809 1959 1313 2021 magnificentissimo
1335 1959 1658 2010 Athenarum
1694 1959 1932 2011 edificio.
1997 1961 2191 2008 Verum
2223 1961 2338 2024 quis
2371 1960 2579 2010 dubitat

375 2036 549 2071 arcem
571 2023 824 2071 Minervas
852 2023 963 2086 jam
998 2029 1120 2071 ante
1142 2023 1414 2071 Platonem
1436 2025 1678 2074 extitisse
1694 2023 1734 2073 θ’
1776 2023 1936 2074 Vorst.
1967 2024 1984 2050 ⁴
2005 2023 2169 2074 Codd.
2207 2024 2435 2073 retinent
2456 2038 2572 2086 m,

374 2086 477 2134 nisi
498 2086 633 2148 quod
656 2099 787 2134 uuus
806 2092 897 2135 aut
916 2087 1051 2136 alter
1071 2086 1228 2135 hahet
1250 2101 1343 2148 pro
1362 2101 1413 2136 v.
1437 2088 1472 2136 Ι.
1494 2089 1602 2138 vioe.
1671 2089 1787 2138 Nec
1803 2086 2030 2136 dubitari
2048 2091 2241 2149 potest,
2259 2086 2381 2150 quin
2401 2088 2582 2149 loqua-

379 2157 466 2198 tur
485 2147 552 2197 de
576 2162 665 2197 ara
684 2148 939 2211 Apollinis
959 2151 1012 2199 in
1036 2150 1194 2211 Delu,
1218 2157 1275 2199 ut
1295 2150 1605 2200 Mitallerius
1628 2151 1902 2214 explicuit,
1922 2151 1966 2199 si
1989 2149 2291 2212 inspiciatur
2318 2150 2582 2200 Plutarch.

377 2197 549 2263 Genio
568 2212 795 2262 Socratis
829 2227 881 2274 p.
908 2217 1021 2262 629.
1059 2213 1155 2262 Ed.
1198 2212 1396 2264 Franc.’
1433 2211 1724 2264 Turrem—5
1757 2216 1774 2242 ⁴
1793 2215 1882 2264 Slc
1919 2220 2136 2277 uterque
2174 2212 2366 2275 UltraJ.
2392 2212 2580 2263 Iaeidd.

377 2276 546 2339 quint.
566 2283 703 2338 sept.
723 2277 868 2339 Mog.
888 2276 1107 2334 Mediol.
1127 2282 1184 2326 et
1202 2276 1425 2327 Ascens.
1488 2278 1592 2326 Sed
1623 2279 1808 2340 scripti
1841 2277 2022 2340 reliqui
2055 2291 2172 2326 cum
2202 2278 2338 2326 Ven.
2363 2275 2486 2326 Ald.
2522 2283 2580 2326 et

380 2339 573 2388 ceteris
595 2354 609 2386 ι
642 2340 943 2398 nminat!
1064 2355 1109 2387 m
1131 2339 1231 2399 zius
1250 2355 1405 2389 secum
1424 2355 1646 2390 sermone.
1715 2343 1836 2390 Non
1859 2341 2069 2389 dubium
2091 2347 2195 2398 est,
2217 2341 2340 2403 quin
2363 2340 2582 2404 Pighius

376 2409 525 2452 recte
548 2403 769 2451 alterum
794 2404 985 2465 praetnl
1020 2402 1125 2452 rit.’
1140 2404 1392 2452 Idm—6
1407 2404 1495 2453 Ita
1516 2417 1694 2453 ornnes
1713 2403 1864 2453 codd.
1885 2410 1941 2452 et
1963 2403 2084 2453 edd.
2108 2409 2238 2453 vett.
2267 2403 2586 2452 Mitallerins

377 2480 505 2516 vero
546 2467 749 2515 emend.
781 2468 1053 2529 Eudemum,
1088 2481 1153 2515 ex
1176 2468 1575 2518 Platorem—’t
1607 2469 1695 2518 Ita
1713 2469 1932 2517 'rori-en.
1953 2480 2022 2516 ex
2052 2466 2204 2517 codd.
2228 2473 2283 2515 et
2305 2466 2427 2515 edd.
2449 2473 2580 2517 vett.

381 2530 535 2593 vulgo
559 2530 896 2580 tribuerit—8
931 2530 1135 2579 Novem
1158 2530 1311 2582 codd.
1329 2531 1544 2580 Torren.
1564 2538 1636 2580 est
1668 2533 1723 2580 ia
1741 2546 1880 2594 opere
1909 2530 1988 2579 sni
2013 2532 2220 2579 mireris
2239 2545 2270 2579 α
2288 2534 2446 2579 sutore
2463 2544 2547 2579 sno
2569 2545 2590 2587 ,·

381 2592 573 2655 UltraJ.
595 2601 652 2643 et
672 2595 817 2654 Mog.
842 2594 893 2641 in
912 2608 1049 2657 opere
1076 2594 1155 2642 stu·
1182 2594 1396 2652 ποια-ἐς
1428 2593 1569 2643 unde
1598 2595 1816 2642 Torren.
1853 2593 1993 2656 conj.
2026 2592 2082 2641 in
2116 2607 2253 2657 opere
2284 2595 2358 2641 stri
2379 2593 2586 2642 mia

380 2658 561 2707 meri
580 2670 659 2713 ae,-
694 2657 840 2708 Harl.
863 2657 915 2705 in
940 2672 1079 2720 opere
1115 2657 1192 2705 sni
1224 2658 1432 2706 namn-is
1456 2672 1537 2707 eas
1566 2662 1776 2709 moreni
1793 2672 1944 2707 mni.
2008 2657 2136 2705 Mox
2168 2657 2310 2706 Dan.
2332 2660 2380 2704 et
2399 2657 2584 2719 quiden

382 2725 589 2771 morem
602 2722 663 2770 de
681 2734 791 2771 sura
810 2720 1055 2783 disputare
1070 2720 1385 2784 incipientem.

1368 2864 1586 2916 NOTAE

384 3002 559 3041 arcem
576 2990 715 3041 illam
736 2992 900 3042 multo
919 2997 1043 3042 ante
1060 2990 1335 3040 Platonem
1363 3003 1449 3037 ex·
1530 2991 1641 3041 sive
1663 2989 2002 3055 Megarensis,
2032 2990 2140 3039 sive
2180 2988 2376 3039 Gelons
2411 2986 2588 3045 fuerit,

386 3073 643 3117 structam
688 3067 845 3117 esse?
875 3081 1036 3131 qnare
1058 3066 1317 3130 scriptura
1338 3066 1448 3114 vnl·
1527 3064 1707 3115 floruit
1745 3072 1894 3116 certe
1916 3064 2188 3115 Ptolemoei
2221 3064 2351 3127 Lagi
2391 3068 2592 3127 tempo·

389 3149 513 3207 gata
532 3142 655 3191 mihi
677 3141 848 3191 verior
862 3142 1088 3203 videtur,
1105 3140 1183 3189 ita
1199 3149 1258 3188 ut
1276 3141 1448 3202 legen·
1530 3139 1696 3189 ribus.
1780 3138 1918 3191 Quid
1962 3137 2180 3186 Valerio
2239 3138 2291 3185 in
2357 3143 2590 3187 mentem

390 3217 513 3267 dum
528 3218 626 3267 site
656 3218 961 3266 conductores
980 3230 1131 3265 mera
1148 3230 1264 3265 ατο.
1300 3214 1450 3263 Eam·
1530 3207 1736 3262 vc‘nerit
1758 3212 1859 3263 hoc
1894 3211 2124 3261 scrihere
2158 3225 2258 3261 non
2298 3210 2483 3272 videog
2515 3212 2590 3261 vi·

389 3308 492 3357 qus
533 3306 673 3342 aram
716 3291 975 3355 Apollinis
1028 3290 1187 3341 fnisse
1221 3291 1276 3339 in
1309 3291 1448 3341 Delo

390 3368 687 3433 suspicatur
700 3368 1030 3417 Mitallerins.

456 3449 480 3475 θ
511 3442 593 3491 Διὶ
620 3441 884 3504 Euclidem]
914 3442 1134 3503 Vereor,
1156 3445 1215 3490 ut
1236 3440 1347 3489 haec
1369 3445 1448 3489 to·

392 3524 451 3568 ta
470 3517 689 3567 historia
726 3515 826 3565 sihi
860 3521 1103 3565 constare
1128 3515 1310 3579 possit,
1332 3529 1449 3564 cum

392 3591 631 3642 Euclldis
654 3592 797 3640 aetati
826 3596 954 3639 aetss
976 3590 1215 3640 Platonis
1242 3587 1450 3640 minime

394 3673 644 3731 congruat
666 3682 681 3716 ι
714 3664 877 3717 multo
897 3664 1036 3713 enim
1056 3662 1279 3713 Euclide
1298 3676 1450 3726 supe-

391 3742 499 3793 rior
520 3742 680 3791 Plato
693 3738 813 3791 fnit.
845 3739 974 3788 Erat
986 3738 1191 3801 quidem
1210 3734 1453 3785 Euclides

392 3815 632 3867 Platonis
664 3822 916 3878 tempore,
933 3815 1023 3877 qni
1050 3812 1267 3873 Megara
1284 3810 1453 3872 singn-

394 3892 461 3942 lis
494 3880 735 3940 noctibus
788 3888 1020 3938 Athenas
1062 3886 1128 3936 ad
1187 3886 1455 3935 Socratem

394 3963 640 4016 muliebri
674 3968 820 4013 veste
840 3960 1072 4012 discendi
1095 3974 1255 4010 causa
1276 3960 1453 4009 venire

390 4040 639 4092 solebat:
676 4047 732 4089 at
763 4039 851 4088 ille
882 4036 1227 4101 Philosophus
1256 4034 1376 4107 fnit,
1398 4042 1456 4085 et

398 4118 785 4182 Megaricorum
842 4114 1271 4177 Philosophorum
1317 4110 1455 4175 prin-

400 4207 546 4257 ceps.
607 4191 852 4243 Euclides
874 4203 998 4242 vero
1028 4186 1451 4254 Mathematicus,

1528 3289 1704 3339 derint
1727 3288 1828 3338 alii.

1591 3360 1617 3397 ἃ
1648 3364 1800 3412 Immo
1817 3361 2122 3425 professioni]
2157 3360 2312 3413 Quod
2337 3362 2450 3424 ipse
2469 3359 2593 3410 Phi-

1525 3438 1829 3501 losophiam,
1866 3437 2111 3488 Euclides
2136 3450 2257 3485 vero
2297 3434 2590 3487 Geometri·

1528 3527 1611 3561 am
1637 3511 1988 3575 profiteretur.

1593 3585 1626 3614 ⁴*
1649 3583 1746 3635 An.
1767 3585 1842 3635 Μ.
1865 3588 2016 3634 3696.
2048 3583 2138 3633 Ol.
2161 3588 2278 3635 105.
2301 3587 2351 3632 8.
2374 3582 2506 3633 Urh.
2524 3582 2591 3632 C.

1528 3664 1644 3711 895.
1679 3660 1806 3710 Ant.
1827 3661 1918 3711 ch.
1940 3663 2057 3710 85⁷.
2259 3686 2264 3691 ·

1596 3741 1620 3767 ⁸
1649 3736 1719 3785 Ee
1732 3734 1814 3783 tue
1843 3733 2049 3798 mites]
2069 3731 2302 3796 Apelles,
2322 3732 2433 3796 qni,
2451 3736 2590 3782 teste

1532 3810 1728 3869 Plinio,
1765 3822 1860 3871 pro
1900 3806 2097 3857 foribus
2135 3807 2240 3856 suls
2293 3818 2459 3870 opera
2499 3820 2596 3855 sua

1534 3898 1828 3947 proponere
1848 3889 2204 3945 consueverat,
2227 3888 2284 3929 ut
2307 3881 2440 3945 ipse,
2459 3894 2600 3945 pone

1533 3958 1764 4008 tabulam
1801 3958 2030 4017 latitans,
2052 3956 2180 4011 vitia
2200 3970 2316 4018 quae
2339 3969 2370 4003 a
2390 3968 2595 4019 qnoque

1534 4039 1856 4093 notarentur,
1877 4031 2168 4093 corrigeret
2191 4046 2207 4078 ι
2249 4028 2528 4094 feruntque
2560 4045 2595 4080 a

1532 4116 1711 4159 sutore
1733 4105 2122 4170 reprehensum,
2141 4104 2278 4168 quod
2295 4104 2347 4153 in
2371 4103 2595 4167 crepidis

1538 4198 1640 4233 uns
1661 4182 1798 4232 intus
1820 4179 2099 4244 pauciores
2117 4177 2336 4231 fecisset
2351 4178 2556 4231 ansulas
2575 4192 2590 4229 ε
