3144 4925
493 350 626 417 696
1081 362 1396 432 vsnnan
1443 360 1735 409 maxum
1785 361 1930 409 mn.
1976 358 2107 409 v11.

499 510 711 575 totius
742 506 1088 572 concionis
1119 505 1337 570 sibilis
1368 511 1680 583 vexatus,
1708 508 1869 568 nota
1912 502 2113 567 etiam
2148 500 2460 583 denegati
2488 502 2688 569 hono-

495 614 590 677 ris
619 610 1040 697 perstrictuS,
1071 608 1369 693 ejusdem
1398 607 1617 691 plebis
1644 606 1847 689 paulo
1876 612 2039 689 post
2080 603 2150 667 in
2181 604 2562 669 discrimine
2591 608 2692 671 vi-

499 722 592 778 tae
645 710 1160 777 clementissima
1199 708 1510 791 suffragia
1561 715 1881 791 expertus
1926 712 2047 770 est.
2136 704 2341 784 Quod
2372 708 2431 770 si
2474 706 2693 772 adhuc

501 817 565 881 ei
593 816 914 879 ultionem
959 812 1208 877 sitienti
1258 810 1501 893 capitis
1545 810 1655 874 sui
1707 808 2085 893 periculum
2124 806 2511 891 objecisset,
2545 811 2695 898 nul-

499 918 636 983 lam
663 922 926 999 partem
953 913 1352 977 defensionis
1385 913 1541 977 odio
1572 914 1901 977 obseratae
1933 931 2125 976 aures
2156 906 2579 994 reciperent*
2600 922 2650 963 ⁷³
2688 936 2693 941 ·

586 1022 650 1082 7.
697 1018 885 1081 Huic
914 1015 1335 1081 vaframento
1367 1015 1733 1079 consimilis
1771 1015 1894 1079 illa
1934 1013 2292 1078 calliditas.
2380 1012 2699 1097 Superior

507 1118 855 1187 Hannibal
877 1124 978 1168 ⁷45
1021 1138 1066 1182 a
1099 1118 1328 1182 Duilio
1359 1117 1631 1181 consule
1649 1118 1873 1181 navali
1900 1116 2133 1199 praelio
2158 1116 2405 1192 victnS,
2427 1118 2701 1182 >timens-

506 1240 637 1303 que
667 1219 908 1284 classis
939 1220 1214 1283 amissae
1239 1237 1479 1301 poenas
1507 1219 1688 1296 dare,
1714 1218 2035 1282 offensam
2052 1218 2305 1283 astutia
2334 1218 2493 1281 mire
2514 1238 2704 1285 aver-

507 1322 625 1387 tit:
670 1326 827 1386 nam
855 1342 942 1386 ex
988 1320 1106 1385 illa
1149 1320 1400 1384 infelici
1433 1340 1663 1404 pugna
1701 1320 1886 1403 prius
1916 1339 2125 1402 quam
2164 1318 2378 1384 cladis
2422 1320 2703 1385 nuntius

509 1423 780 1487 domum
838 1423 1226 1507 perveniret,
1277 1422 1618 1506 quendam
1668 1442 1758 1485 ex
1813 1420 2091 1485 amicis⁸
2135 1420 2581 1502 compositum
2638 1426 2709 1485 et

499 1524 869 1589 formatum
891 1532 945 1573 ⁷5
993 1524 1463 1607 Carthaginem
1515 1523 1722 1589 misit.
1809 1521 1949 1601 Qui
2000 1527 2357 1606 postquam
2410 1523 2709 1591 civitatis

513 1626 667 1710 ejus
721 1626 975 1691 curiam
1031 1628 1338 1691 intravit:
1385 1630 1405 1661 ‘
1431 1624 1785 1703 Consulit‚'
1828 1626 2069 1708 inquit,
2114 1629 2134 1660 ‘
2156 1644 2281 1689 vos
2340 1623 2709 1701 Hannibal,

515 1736 686 1792 cum·
717 1727 856 1809 ddux
908 1728 1369 1795 Romanorum
1417 1740 1695 1810 magnas
1746 1747 1978 1792 secum
2031 1726 2399 1791 maritimas
2443 1723 2709 1789 trahens

515 1830 754 1914 copias
783 1830 1148 1909 advenerit,
1181 1852 1268 1895 an
1295 1851 1445 1899 cum
1473 1850 1556 1894 eo
1587 1830 1942 1912 confligere
1980 1827 2265 1895 debeat?
2350 1824 2714 1891 Acclama-

515 1934 616 1996 vit
649 1932 998 1995 universus
1051 1940 1350 2009 senatus,
1383 1937 1403 1968 ‘
1428 1952 1577 1996 non.
1612 1952 1762 1998 esse
1806 1933 2085 1997 dubium
2130 1930 2295 2014 quin
2336 1927 2719 2014 oporteret)

499 2185 508 2189 -
581 2147 608 2181 ⁴¹²
634 2151 770 2205 Quod
790 2150 836 2199 si
851 2150 987 2213 prius
1007 2152 1130 2213 apud
1148 2117 1323 2214 plebem
1343 2150 1493 2199 adhuc
1513 2150 1773 2213 cupientem
1794 2164 1899 2199 eum
1916 2151 2087 2213 punire
2122 2150 2296 2211 egisset
2316 2163 2521 2209 causum,
2552 2148 2603 2195 in
2626 2160 2718 2207 qu«

519 2215 613 2327 gem
609 2228 697 2327 ⁸:1⁸3
698 2216 1150 2329 Jggssn‘zf‘bam'
1184 2216 1314 2264 illius
1332 2229 1472 2265 aures
1495 2216 1551 2263 ob
1571 2215 1774 2297 nimium
1813 2216 1974 2265 odium
2012 2214 2369 2284 elausoe.ipsius
2404 2212 2717 2295 defensionem

1750 2373 1809 2392 ‘O

523 2480 668 2547 typis
691 2479 922 2546 expressi
945 2487 1000 2531 et
1023 2489 1240 2546 uterque
1265 2482 1460 2534 Brand.
1526 2483 1746 2548 Pighius
1774 2486 1947 2534 tamen
1970 2483 2149 2532 maluit
2172 2482 2409 2532 comitiis:
2445 2497 2599 2546 quem
2631 2482 2723 2532 alii

524 2552 583 2596 et
602 2547 769 2596 secuti
791 2553 932 2596 sunt.
1000 2547 1185 2610 Ultraj.
1209 2547 1361 2610 prim.
1386 2548 1532 2598 Leid.
1555 2563 1659 2598 sec.
1694 2555 1829 2599 sext.
1868 2548 2032 2598 Barb.
2070 2553 2290 2611 uterque
2332 2553 2388 2596 et
2410 2548 2600 2610 Copes.
2628 2550 2723 2596 Co-

524 2608 671 2673 milii,
696 2611 800 2659 Bit.
825 2611 972 2673 prim.
1009 2612 1242 2668 convitii:
1275 2612 1412 2674 quod
1450 2612 1648 2676 placuit
1681 2613 1864 2662 Modio
1903 2613 2072 2676 Epist.
2112 2616 2225 2660 128.
2258 2611 2423 2660 ceteri
2464 2627 2579 2660 cum
2623 2611 2724 2661 Ed.

527 2668 672 2738 Mog.
695 2675 1044 2724 caminia—73
1078 2677 1093 2702 ‘
1111 2676 1325 2738 Pighius
1349 2676 1554 2739 scripsit
1576 2677 1859 2740 recepissent
1872 2693 1892 2735 ,·
1926 2677 2099 2726 nescio
2123 2691 2188 2724 ex
2212 2676 2534 2738 conjectura,
2568 2689 2634 2723 an
2656 2689 2727 2724 ex

528 2739 754 2803 antiquis
777 2739 930 2788 codd.
995 2739 1240 2788 Ceterum
1265 2741 1580 2804 antiquiores
1606 2742 1744 2805 typis
1767 2741 2000 2804 expressi
2038 2741 2227 2790 habent
2258 2741 2551 2802 reciperent.-
2586 2740 2728 2804 quod

527 2803 666 2852 idem
705 2811 760 2853 et
797 2803 849 2850 in
888 2809 1110 2867 utroque
1149 2805 1263 2854 cod.
1300 2804 1497 2856 Brand.
1535 2804 1779 2870 reperio.'
1820 2805 1981 2860 Vorst.
2036 2805 2297 2866 reciperent
2334 2804 2530 2852 habeut
2568 2804 2729 2852 etiam

527 2869 710 2918 decem
734 2867 886 2917 codd.
912 2868 1128 2917 Tor-ren.
1150 2870 1420 2931 exciperent
1444 2885 1575 2918 unus
1600 2870 1744 2919 Leid.
1774 2873 1947 2920 1.-74
1985 2867 2069 2917 Ita
2086 2869 2299 2932 Pighius
2320 2882 2385 2916 ex
2405 2869 2585 2916 Colon.
2608 2868 2729 2918 Sus.

529 2940 589 2982 et
609 2933 777 2981 Pulm.
817 2932 994 3008 itaque
1014 2947 1143 2980 unus
1167 2933 1362 2981 Brand.
1387 2933 1579 2996 Ultraj.
1604 2939 1651 2983 l.
1676 2939 1726 2984 2.
1749 2935 1936 2996 Copes.
1959 2932 2153 2982 Medic.
2180 2937 2227 2981 1.
2257 2936 2304 2980 2.
2339 2933 2509 2981 Bitur.
2532 2937 2581 2982 2.
2605 2933 2729 2982 Vet-

530 2997 679 3059 Mog.
701 3005 755 3045 et
777 2994 994 3046 Mediol.
1027 2995 1256 3058 Superior
1279 2997 1429 3046 deest
1449 2999 1500 3046 in
1525 2997 1683 3047 Aldd.
1704 2999 1870 3048 Colin.
1894 2997 2099 3059 Gryph.
2125 3003 2179 3045 et
2200 2997 2381 3059 Stepli.
2419 3003 2475 3045 et
2514 2995 2727 3060 quibus-

531 3062 649 3109 dam
673 3059 824 3108 codd.
850 3060 1074 3124 quinque
1097 3061 1184 3109 alii
1205 3061 1358 3110 codd.
1377 3061 1599 3111 Torren.
1624 3062 1815 3111 habent
1835 3061 2088 3124 superiori,
2124 3060 2273 3109 litera
2314 3060 2483 3123 prima
2518 3061 2729 3119 minori,

532 3124 677 3189 quiesi
694 3121 1020 3172 referendum
1044 3131 1183 3174 esset
1204 3124 1269 3174 ad
1290 3123 1350 3172 τὸ
1371 3125 1683 3186 vaframento.
1750 3127 1995 3188 Plerique
2019 3123 2169 3174 codd.
2210 3139 2325 3172 cum
2364 3125 2732 3188 antiquissimis

534 3187 656 3237 edd.
675 3189 808 3235 Julio
831 3191 1030 3237 consule.
1095 3189 1224 3237 Mox
1244 3186 1364 3237 mire
1387 3192 1538 3238 abest
1559 3191 1624 3237 ab
1646 3197 1865 3252 utroque
1892 3189 2087 3238 Brand.
2113 3203 2298 3236 novem
2328 3188 2483 3240 codd.
2508 3191 2725 3240 Torren-

535 3258 593 3302 et
613 3251 886 3308 Moza—75
921 3253 1005 3300 Ita
1027 3251 1163 3300 bona
1187 3267 1306 3314 pars
1331 3252 1483 3300 codd.
1505 3250 1720 3300 Torren.
1746 3267 1838 3300 sex
1864 3252 2131 3315 Pighiani,
2165 3253 2361 3301 Braud.
2389 3258 2434 3301 l.
2456 3257 2505 3303 2.
2539 3254 2731 3316 Copes.

534 3315 656 3364 Vet.
679 3315 826 3377 Mog.
850 3320 905 3363 et
930 3315 1153 3377 Herbip.
1185 3315 1489 3364 subornatum
1512 3316 1709 3366 Cauch.
1734 3315 1943 3365 Winck.
1967 3316 2116 3366 Leid.
2142 3321 2189 3364 5.
2226 3323 2281 3365 et
2303 3317 2475 3367 Bitur.
2498 3319 2560 3368 1.'
2579 3318 2732 3377 insor-

535 3383 715 3430 matum
737 3378 894 3427 Barb.
920 3383 966 3428 1.
1002 3384 1058 3427 et
1079 3379 1277 3428 Medic.
1311 3383 1360 3428 2.
1393 3379 1689 3438 conforntum
1727 3381 1875 3430 Harl.
1915 3387 1969 3428 et
2004 3380 2203 3428 Medic.
2239 3387 2288 3430 1.
2354 3381 2576 3445 ‘Itaque
2613 3396 2732 3431 cum

535 3442 645 3492 fere
669 3457 844 3492 omnes
870 3441 1078 3491 codices
1097 3457 1158 3490 eo
1182 3458 1400 3504 vergere
1432 3445 1798 3508 intelligerem,
1834 3443 2111 3497 obsecutus
2152 3443 2427 3494 Perizonio
2468 3451 2523 3494 ut
2560 3460 2735 3495 emen·

537 3505 754 3558 daretur
777 3506 1078 3570 postulanti,
1099 3507 1384 3570 formatum,
1415 3509 1468 3557 id
1491 3512 1629 3572 quod
1654 3510 1777 3558 satis
1800 3510 1977 3558 multis
1996 3509 2243 3571 exemplis
2268 3509 2379 3570 ipse
2402 3509 2734 3559 confirmasse

539 3571 764 3629 videtur,
797 3570 1036 3625 restitui!
1078 3571 1276 3622 Torreu.
1343 3573 1511 3622 Aldus
1550 3572 1697 3623 dedit
1730 3578 1965 3633 ornatum,
2008 3587 2227 3638 eumque
2272 3573 2361 3622 alii
2401 3575 2571 3624 secuti
2611 3581 2737 3624 sunt

1527 3717 1743 3768 NOTAE

603 3813 921 3886 {Hannibal}
954 3812 1133 3862 Senior
1153 3813 1347 3864 dicitur
1371 3815 1436 3865 ab
1459 3815 1591 3865 Oro·
1674 3817 1909 3876 Zonara3
1944 3815 2121 3879 sicque
2162 3827 2365 3878 poenam
2406 3815 2574 3866 crucis
2606 3815 2733 3868 effu·

539 3899 634 3961 sio,
668 3891 912 3946 Gisconis
940 3888 1072 3938 filius
1105 3904 1136 3938 a
1165 3890 1385 3954 Polybio
1419 3897 1474 3940 et
1496 3893 1595 3942 Zo-
1676 3895 1787 3959 gite
1826 3893 2011 3957 puduit
2034 3891 2167 3942 enim
2205 3893 2407 3955 punire,
2444 3895 2579 3958 quod
2613 3890 2737 3960 ipsis

537 3989 682 4025 uara.
747 3971 868 4020 Nou
892 3966 1193 4027 Hannibali,
1208 3966 1300 4016 sed
1317 3967 1599 4018 Himilconi
1680 3970 1973 4020 auctoribus
1994 3967 2187 4018 factum
2209 3975 2365 4019 esset.
2406 3967 2736 4034 Abrogatum

542 4049 596 4098 id
621 4045 805 4098 tribuit
829 4043 1070 4092 Aurelius
1092 4043 1292 4093 Victor.
1680 4055 1854 4097 tamen
1894 4047 1971 4096 illi
2008 4045 2299 4110 imperium,
2341 4051 2398 4096 ut
2436 4055 2616 4099 auctor
2655 4056 2739 4100 est

607 4129 630 4154 ⁸
653 4121 894 4178 Quendam
914 4133 976 4166 ex
995 4117 1184 4181 amieis]
1217 4118 1341 4182 Ipse
1365 4124 1480 4183 post
1498 4117 1601 4169 cla·
1680 4122 1926 4172 Zonaras.

546 4198 663 4250 dem
685 4191 1048 4254 Carthaginem
1074 4193 1234 4257 venit,
1264 4210 1330 4247 ex
1351 4195 1521 4246 Plinio
1543 4201 1601 4245 et
