3144 4925
572 391 705 457 788
1142 401 1461 450 vassali
1509 399 1804 448 maxim
1855 399 1998 472 ¹4¹³·
2047 396 2210 448 vm.

574 555 952 614 nostrornm
980 546 1268 610 militum
1302 546 1601 622 vicisset,
1631 541 1992 627 imperator
2009 543 2387 626 [Romanus
2401 539 2460 622 ⁵]
2501 541 2768 610 vincere

574 649 803 714 hostes
832 667 963 711 non
995 641 1388 729 potuisset?

660 752 727 814 2.
774 750 1089 830 Spurinae
1108 747 1138 787 ⁶
1192 765 1453 830 quoque
1502 747 1576 810 in
1621 745 2094 811 consectandis
2154 745 2442 809 Deorum
2496 745 2768 808 monitis

576 848 909 913 efficacior
958 846 1247 912 scientia
1300 847 1640 930 apparuit,
1688 865 1893 929 quam
1945 847 2108 910 urbs
2158 845 2474 910 Romana
2514 843 2765 909 voluit:

576 948 982 1033 praedixerat
1010 949 1184 1013 enim
1215 947 1293 1012 C.
1325 947 1613 1023 Caesari,
1645 951 1667 980 ‘
1687 955 1760 1012 ut
1802 948 2148 1029 proximos
2190 946 2336 1009 dies
2363 963 2537 1007 xxx.
2568 945 2768 1026 quasi

575 1049 822 1114 fatales
867 1047 1170 1124 caveret,’
1214 1063 1497 1130 quor-um
1540 1047 1819 1110 ultimus
1864 1052 2011 1111 erat
2062 1044 2226 1109 Idus
2274 1043 2570 1108 Martiae.
2660 1045 2766 1108 Eo

577 1157 780 1213 cum⁷
822 1149 993 1212 forte
1032 1168 1231 1212 mane
1278 1157 1559 1232 uterque
1606 1148 1677 1211 in
1721 1147 1990 1212 domum
2031 1145 2296 1210 Calvini
2346 1133 2636 1243 Pomitii
2679 1145 2768 1208 ad

576 1247 863 1314 officium
892 1250 1325 1325 convenisset,
1356 1249 1592 1312 Caesar
1621 1247 1952 1330 Spurinae,
1982 1251 2003 1280 ‘
2021 1246 2286 1328 Ecquid
2323 1243 2504 1322 scis,’
2531 1247 2770 1328 inquit,

578 1355 599 1383 ‘
632 1349 801 1413 Idus
860 1349 1187 1414 Martias⁸
1218 1350 1361 1434 jam
1419 1349 1686 1413 venisse
1705 1347 1758 1412 ‘t'
1797 1356 1872 1411 et
1919 1348 2022 1424 is3
2067 1353 2088 1384 ‘
2117 1346 2381 1430 Ecquid
2437 1346 2574 1410 scis
2616 1347 2774 1412 illas

576 1449 874 1514 nondum
928 1449 1331 1530 praeteriisse
1348 1449 1401 1512 Υ
1442 1447 1808 1530 Abjeoerat
1852 1449 2017 1512 alter
2066 1448 2395 1524 timorem,
2444 1455 2770 1531 tanquam

576 1557 828 1614 exacto
862 1555 1161 1630 tempore
1205 1554 1566 1632 suspecto:
1613 1547 1772 1612 alter
1811 1567 1897 1612 ne
1926 1554 2294 1612 extremam
2321 1546 2592 1630 quidem
2619 1549 2770 1632 ejus

578 1655 839 1730 partem
872 1647 1172 1729 periculo
1202 1666 1483 1711 vacuam
1513 1666 1666 1710 esse
1707 1648 2070 1713 arbitratus
2113 1654 2261 1711 esta
2349 1646 2621 1711 Utinam
2652 1648 2772 1715 ha-

579 1749 915 1831 ruspicem
942 1749 1168 1831 potius
1197 1750 1561 1832 augurium,
1582 1767 1783 1830 quam
1805 1748 2041 1832 patriae
2071 1757 2418 1832 parentem
2445 1749 2770 1812 securitas

578 1850 956 1914 fefellisset.

1479 1967 1870 2014 EXTBRNA.

667 2081 730 2142 1.
776 2078 912 2143 Sed
934 2083 1007 2142 ut
1049 2079 1416 2160 alienigena
1430 2087 1461 2128 ⁹
1504 2086 1898 2155 scrutemur,
1927 2097 2081 2142 cum
2108 2079 2477 2142 obscurato
2505 2053 2772 2161 repente

526 2251 533 2256 ,
582 2180 722 2244 sole
741 2187 764 2214 ⁰
805 2178 1141 2242 inusitatis
1168 2178 1455 2259 perfusae
1500 2177 1796 2241 tenebris
1825 2177 2116 2242 Athenae
2161 2177 2592 2243 solicitudine
2619 2197 2772 2260 age-

1512 2307 1873 2328 ‘mm

582 2415 697 2479 traj.
734 2419 782 2466 1.
816 2413 1017 2477 Sulpicii
1040 2414 1317 2465 Galbam—5
1350 2413 1544 2462 ‘chis
1566 2413 1747 2462 inclusi
1773 2413 2024 2471 Romanus,
2050 2413 2183 2479 qnod
2209 2428 2239 2461 a
2261 2427 2446 2462 novem
2475 2415 2609 2464 Mss.
2626 2414 2772 2477 Mog-

583 2490 639 2531 et
670 2481 794 2529 Vet.
829 2480 992 2536 abest,
1021 2486 1078 2529 et
1116 2478 1383 2527 commode
1419 2478 1598 2527 abesse
1671 2483 1827 2542 otest,
1868 2487 1923 2528 ut
1950 2479 2064 2541 jam
2096 2478 2375 2527 Torrenius
2412 2479 2574 2527 vidit.’
2608 2480 2770 2541 Kapp.

582 2548 681 2592 —6
713 2542 901 2604 Ultraj.
941 2546 985 2591 1.
1022 2548 1069 2593 2.
1107 2542 1365 2605 Spurinna,
1398 2541 1473 2590 ita
1507 2550 1565 2589 ut
1598 2494 1788 2605 [Rtraj.
1829 2542 2001 2592 deleat
2033 2542 2187 2591 etiam
2221 2543 2436 2591 scientia.
2503 2544 2630 2591 Mox
2675 2557 2770 2605 pro

582 2607 750 2666 voluit,
772 2608 905 2669 quod
930 2606 1177 2654 exhibent
1200 2607 1431 2670 plerique
1452 2605 1608 2654 codd.
1640 2613 1696 2655 et
1730 2606 1846 2655 edd.
1879 2612 2008 2655 vett.
2043 2606 2258 2669 Pighius
2296 2605 2514 2654 dederat
2533 2608 2770 2668 voluisset,

581 2681 642 2719 ut
663 2670 715 2719 in
738 2669 929 2733 Ultraj.
948 2675 1000 2718 2.
1024 2678 1079 2717 et
1100 2670 1247 2730 Meg.
1272 2669 1473 2717 Deinde
1493 2667 1553 2716 τὸ
1570 2669 1694 2717 enim
1715 2668 1918 2718 addidit
1940 2670 2166 2731 Pighius,
2199 2677 2254 2718 et
2285 2670 2544 2731 reperitur
2565 2670 2691 2721 iilud
2715 2671 2770 2718 in

582 2733 886 2797 quibusdam
910 2733 1149 2795 scriptis;
1180 2732 1299 2781 ideo
1330 2732 1586 2781 deleverit
1617 2733 1890 2795 Kappius3
1920 2733 2009 2781 sed
2045 2736 2193 2782 a'best
2215 2748 2246 2781 a
2265 2736 2428 2782 multo
2451 2733 2681 2795 pluribus
2714 2741 2770 2783 et

584 2800 730 2860 Mog.
752 2812 813 2845 ac
836 2797 1059 2846 ceteris:
1095 2796 1231 2859 quasi
1251 2796 1512 2845 omittitur
1531 2796 1585 2843 in
1607 2795 1808 2845 duobus
1830 2796 2093 2845 Parim—⁷
2133 2798 2200 2844 Et
2219 2812 2324 2844 cum
2355 2797 2587 2845 nonnulli
2619 2796 2769 2846 codd.

582 2876 698 2910 cum
723 2867 852 2910 vett.
874 2860 993 2909 edd.
1060 2860 1194 2920 Ergo
1214 2874 1316 2907 cum
1336 2859 1481 2907 Leid.
1496 2863 1542 2907 4.
1562 2866 1617 2908 et
1640 2860 1834 2922 Ultraj.
1852 2863 1901 2908 2.
1972 2862 2041 2907 Eo
2062 2875 2166 2907 cum
2182 2861 2363 2923 reliqui
2387 2861 2538 2909 codd.
2555 2862 2768 2909 Torren-

583 2923 750 2972 Paulo
776 2932 1027 2988 post,vox
1066 2923 1221 2985 inquit
1251 2923 1304 2972 in
1333 2936 1427 2971 sex
1461 2921 1583 2971 edd.
1620 2922 1806 2985 Pighio
1838 2923 2095 2985 prioribus
2129 2937 2229 2971 non
2253 2930 2418 2972 extat.
2487 2924 2769 2973 Torrenius

582 2988 707 3037 nihil
731 2988 1117 3037 annotavit.—-8
1151 2986 1329 3034 Martii
1361 2986 1414 3033 in
1444 2985 1746 3049 quibusdam
1770 2986 1924 3036 codd.
1988 2988 2188 3035 Martio.
2213 2986 2332 3037 edd.
2364 2994 2498 3036 vett.
2565 2987 2769 3035 Deinde

583 3051 734 3101 codd.
755 3052 971 3100 Torren.
1007 3050 1147 3098 varie
1180 3048 1433 3099 exhibent
1461 3050 1643 3111 Ecquid
1674 3050 1784 3107 scis,
1820 3048 1900 3097 vel
1938 3050 2008 3097 Et
2043 3050 2156 3112 quid
2190 3051 2299 3109 scis,
2334 3052 2416 3099 vel
2443 3051 2573 3106 Quid
2593 3052 2770 3099 scis.—

582 3119 615 3161 9
646 3115 732 3163 Sc.
756 3116 1009 3176 exempla.
1041 3114 1165 3163 Duo
1188 3112 1339 3163 codd.
1360 3128 1476 3162 cum
1501 3114 1645 3176 Mog.
1671 3119 1726 3162 et
1760 3112 1880 3161 Vet.
1915 3114 2221 3175 alienigenas,
2243 3126 2313 3162 sc.
2335 3124 2539 3176 gemes,
2555 3124 2614 3162 ut
2636 3114 2769 3177 conj.

584 3177 725 3239 Guy.
792 3177 938 3227 Harl.
956 3177 1127 3227 aliena.
1193 3178 1321 3227 Mox
1343 3176 1485 3242 Lips.
1508 3189 1565 3227 et
1589 3178 1826 3226 Perizon.
1850 3178 2049 3240 malint,
2074 3177 2370 3227 solicitudine
2401 3182 2770 3239 angerentur.—

1559 3295 1776 3347 No'rAE

646 3401 677 3428 ¹
699 3397 801 3448 An.
825 3401 901 3448 M.
924 3403 1072 3449 3886.
1105 3400 1193 3450 01.
1218 3404 1329 3449 158.
1355 3403 1400 3449 1.
1432 3399 1636 3451 Urb.c.
1717 3402 1944 3451 excussit
1979 3402 2188 3465 ignem;
2227 3408 2336 3451 tum
2374 3415 2552 3451 omnes
2595 3401 2768 3451 docuit

580 3478 699 3523 68⁵.
736 3473 855 3522 Ant.
877 3473 970 3523 ch.
993 3477 1103 3524 167.
1715 3475 1849 3525 haud
1893 3477 2049 3527 aliter
2090 3477 2302 3525 nubium
2342 3476 2530 3527 attritu
2573 3475 2768 3526 fulmen

650 3556 672 3602 τ
709 3546 809 3596 An.
832 3548 909 3596 M.
930 3551 1079 3599 4010.
1142 3548 1230 3598 01.
1249 3552 1363 3599 184.
1388 3553 1443 3621 1..
1500 3550 1633 3601 Urb.
1715 3551 1907 3601 excuti.
1971 3549 2053 3600 Ex
2075 3551 2380 3615 Plutarcho,
2400 3551 2560 3601 oculis
2583 3551 2766 3614 guber·

593 3624 654 3672 C.
673 3626 786 3673 709.
818 3621 945 3672 Ant.
968 3622 1064 3672 ch.
1087 3625 1169 3671 43.
1471 3617 1478 3627 '
1639 3630 1644 3637 '
1715 3624 1913 3674 naturis
1944 3625 2138 3689 objecit
2175 3626 2516 3689 chlamydem,
2538 3633 2595 3676 et
2617 3641 2680 3675 ex
2703 3642 2765 3675 eo

645 3705 667 3731 ⁶
704 3697 966 3746 obscurato
996 3702 1187 3759 repente
1228 3696 1363 3759 Sole]
1417 3698 1538 3749 Non
1560 3698 1634 3748 A·
1713 3699 1970 3763 quaesivit,
2005 3715 2124 3750 num
2165 3702 2291 3765 quid
2326 3700 2455 3750 illud
2487 3704 2763 3765 portende-

580 3770 751 3822 tbenis
784 3777 895 3820 tum
935 3768 1095 3819 fuisse
1126 3771 1402 3835 Periclem,
1446 3773 1537 3822 sed
1580 3775 1632 3822 in
1715 3774 1830 3823 ret?
1865 3789 1927 3824 eo
1949 3783 2170 3837 negante
2194 3776 2466 3839 quicquam
2495 3776 2767 3839 portendi3

581 3844 767 3896 castris
811 3846 1104 3908 Frontinus,
1140 3846 1192 3895 in
1224 3846 1387 3896 classe
1424 3848 1631 3897 Plutar·
1714 3849 1886 3901 ‘Quid
1910 3852 2119 3913 autem,’
2137 3851 2305 3915 inquit
2323 3852 2571 3914 Pericles,
2592 3852 2764 3917 ‘chia-

581 3923 706 3971 chus
730 3927 1013 3981 memorat;
1048 3921 1367 3985 alteramque
1399 3922 1529 3971 alter
1555 3922 1632 3972 af·
1712 3925 1914 3987 mydem
1940 3926 2077 3975 inter
2099 3933 2154 3976 et
2189 3926 2314 3975 illud
2336 3927 2474 3993 quod
2495 3927 2762 3989 caliginem

579 3997 687 4047 fert
703 3997 971 4057 rationem,
992 3998 1090 4059 qua'
1106 3996 1170 4045 ad
1184 3995 1463 4046 sedandum
1484 3998 1647 4047 timo-'
1711 4000 1928 4059 invexit,
1947 4000 2184 4062 interest,
2204 4000 2304 4049 nisi
2334 4001 2473 4065 quod
2493 4001 2617 4051 illud
2637 4002 2766 4051 mul·

584 4086 693 4119 rem
715 4086 833 4121 usus
868 4073 966 4120 sit:
1002 4084 1121 4121 uam
1147 4084 1216 4120 ex
1240 4072 1485 4121 Frontino
1508 4074 1631 4136 lapi·
1713 4080 1768 4123 to
1791 4075 2062 4139 chlamyde
2084 4075 2245 4138 majus
2261 4074 2366 4124 sit!

582 4145 730 4194 dibus
766 4146 819 4195 in
848 4146 1072 4195 omnium
1112 4153 1395 4210 conspectu
1446 4149 1633 4199 collisis
2143 4156 2154 4169 ·
