3144 4925
662 368 820 417 cAP.
854 366 966 415 lx.
1013 368 1112 417 ns
1161 368 1446 419 Muu'r.
1495 370 1773 419 monum
1824 369 1979 419 Aur
2030 372 2427 423 scarum.
2514 358 2649 425 663

441 532 834 597 prosperum
859 528 1130 579 cursum
1159 515 1394 592 tenuit,
1419 513 1799 587 Orontes,⁶⁴
1844 514 2033 581 Darii
2060 518 2239 599 regis
2261 518 2652 603 praefectus,

441 616 513 678 in
545 615 1016 683 excelsissimo
1048 615 1448 681 Micalensis
1475 617 1725 681 montis
1748 614 1767 653 ἰ
1802 619 2049 683 vertice
2078 620 2265 685 cruci
2296 618 2533 685 affixit.
2594 622 2654 687 E

445 736 582 801 qua
605 724 834 800 putres
863 716 1014 800 ejus
1045 722 1230 783 artus
1281 722 1350 783 et
1376 718 1611 783 tabido
1654 739 1896 785 cruore
1942 724 2285 787 manantia
2328 724 2653 799 membra,

448 826 647 901 atque
675 820 858 889 illam
888 821 1154 899 laevam,
1181 822 1294 887 cui
1321 820 1687 905 Neptunus
1732 823 2051 887 annulum
2104 826 2469 907 piscatoris
2512 844 2655 889 ma-

449 938 538 987 nu
555 918 615 1003 ⁶⁵·
677 922 1082 1003 restituerat,
1133 924 1264 989 situ
1311 925 1702 1003 marcidam,
1752 924 1999 991 Samos
2050 945 2282 990 amara
2330 928 2651 992 servitute

445 1023 834 1107 aliquandiu
859 1044 1117 1108 pressa,
1146 1026 1374 1091 liberis
1403 1046 1486 1091 ac
1515 1027 1693 1091 laetis
1718 1026 1939 1091 oculis
1963 1028 2260 1111 aspexit.

527 1128 592 1193 6.
639 1124 1051 1213 Dionysiusi
1113 1132 1365 1206 autem,
1413 1148 1565 1193 cum
1597 1128 2009 1194 haereditatis
2036 1130 2309 1193 nomine
2360 1149 2405 1195 a
2462 1136 2654 1213 patre

445 1228 1016 1312 Syracusanorum
1054 1248 1134 1295 ac
1176 1248 1374 1315 paene
1429 1232 1647 1296 totius
1678 1232 1935 1297 Siciliae
1988 1231 2413 1314 tyrannidem
2462 1251 2655 1297 acce-

444 1332 690 1415 pisset,
721 1331 1170 1399 maximarum
1197 1352 1404 1415 opum
1434 1330 1773 1411 dominae,
1804 1336 2221 1401 exercituum
2244 1334 2409 1414 dux,
2438 1341 2657 1399 rector

447 1434 798 1513 classium,
859 1434 1282 1518 equitatuum
1301 1432 1358 1473 ⁶⁶
1429 1441 1703 1517 potens,
1734 1438 2007 1520 propter
2054 1436 2359 1519 inopiam
2418 1436 2655 1501 literas

446 1536 762 1619 puerulos
793 1535 1094 1601 Corinthi
1123 1535 1374 1603 docuit.
1465 1537 1854 1621 Eodemque
1890 1545 2219 1621 tempore,
2274 1542 2464 1603 tanta
2507 1556 2656 1602 mu-

445 1638 696 1701 tatione
724 1639 1016 1722 maj0res
1056 1643 1244 1717 natu,
1290 1658 1379 1704 ne
1408 1640 1562 1722 quis
1594 1640 1791 1703 nimis
1824 1638 2113 1703 fortunae
2142 1638 2466 1714 crederet,
2514 1656 2655 1701 ma-

446 1739 650 1821 gister
671 1740 816 1803 ludi
844 1740 1072 1805 factus
1101 1758 1191 1803 ex
1220 1746 1525 1823 tyranno,
1554 1740 1833 1805 monuit.

531 1842 600 1903 7.
645 1840 964 1932 Sequitur
993 1841 1167 1906 hunc
1197 1841 1487 1923 Syphax
1505 1837 1530 1875 ¹‘
1571 1860 1716 1917 rex,
1765 1840 2181 1905 consimilem
2210 1842 2501 1907 sortunoe
2530 1841 2656 1905 ini-

449 1939 769 2019 quitatem
799 1947 1166 2025 expertus:
1211 1962 1413 2021 quem
1451 1942 1746 2004 amicum
1788 1941 1945 2005 hinc
1990 1940 2217 2007 Roma
2244 1962 2363 2025 per
2390 1943 2656 2026 Scipio-

445 2060 618 2119 nem,
663 2042 852 2107 illinc
907 2041 1244 2123 Carthago
1287 2060 1412 2125 per
1465 2042 1967 2107 Hasdrubalem
2018 2044 2193 2108 ultro
2237 2045 2522 2128 petitum
2568 2045 2657 2109 ad

445 2152 734 2228 penates
764 2144 954 2211 Deos
968 2144 1024 2193 ⁶⁷
1070 2143 1222 2227 ejus
1255 2152 1553 2209 venerat.
1646 2144 1957 2210 Ceterum
1986 2164 2072 2211 eo
2103 2146 2427 2213 claritatis
2458 2168 2656 2213 evec-

447 2254 580 2324 tus,
609 2252 683 2311 ut
716 2246 1284 2311 validissimorum
1313 2247 1717 2331 populorum
1756 2255 2016 2311 tantum
2058 2267 2196 2313 non
2245 2249 2489 2315 arbiter
2515 2250 2658 2315 vic-

448 2348 636 2414 toriae
659 2347 714 2389 ⁶⁸
757 2349 1099 2427 existeret,
1130 2350 1327 2433 parvi
1355 2352 1678 2435 temporis
1694 2348 2050 2433 interjecta
2074 2370 2288 2429 mora,
2308 2358 2658 2417 catenatus

449 2470 492 2514 a
521 2449 736 2516 Laelio
764 2451 981 2536 legato
1011 2450 1097 2518 ad
1144 2450 1534 2536 Scipionem
1577 2455 2047 2538 imperatorem
2097 2462 2479 2539 pertractus
2523 2461 2655 2521 est.

449 2552 798 2639 Cujusque
857 2555 1210 2620 dexteram
1263 2557 1448 2640 regio
1497 2557 1793 2622 insidens
1841 2557 2016 2620 solio
2072 2557 2407 2640 arroganti
2454 2577 2655 2623 manu

1374 2731 1735 2752 “OOOOOOOOOO

451 2847 596 2898 Leid-
618 2853 667 2898 5.
689 2861 956 2912 percussum
979 2864 1074 2912 pro
1107 2851 1518 2898 succursum—64
1551 2847 1640 2898 Ita
1671 2853 1877 2897 veteres
1899 2845 2037 2911 typis
2075 2848 2328 2910 expressi,
2356 2853 2412 2897 et
2435 2853 2657 2913 uterque

451 2913 644 2963 Brand.
665 2913 882 2976 Pighius
906 2927 971 2962 ex
993 2928 1096 2962 uno
1113 2913 1246 2963 libro
1271 2911 1568 2964 Cauchiauo
1592 2913 1790 2961 mavult
1813 2914 1890 2962 sic
1911 2913 2087 2974 legere
2108 2928 2123 2972 ;
2158 2911 2252 2960 Sed
2276 2911 2660 2973 huncfelicitatis

447 2992 628 3041 semper
661 2979 815 3041 plenis
852 2979 970 3027 vetis
1007 2992 1283 3041 prosperum
1322 2991 1510 3027 cursam
1550 2982 1708 3027 tenere
1744 2993 1837 3026 non
1866 2977 2044 3040 potuit.
2117 2977 2512 3040 Comprehenmm
2534 2979 2659 3028 enim

457 3043 678 3091 Orontes.
746 3044 875 3092 Cnm
900 3042 1094 3091 Brand.
1117 3049 1174 3092 et
1196 3038 1320 3090 edd.
1358 3048 1489 3093 vett.
1511 3043 1847 3090 consentiunt
1872 3055 2049 3090 omnes
2076 3042 2227 3090 codd.
2248 3041 2464 3092 Torren.
2530 3043 2658 3091 Mox

451 3105 600 3154 Harl.
635 3107 924 3168 Megalensis
955 3107 1166 3164 monus,-
1198 3106 1416 3156 Venett.
1450 3105 1853 3170 Mycale-repes
1889 3106 2085 3156 Medic.
2124 3109 2171 3154 2.
2203 3106 2376 3154 delet:
2408 3107 2662 3170 piscatoria

451 3176 746 3220 mnam—66
779 3172 866 3221 Ita
889 3171 1103 3234 Pighius
1125 3186 1194 3220 ex
1218 3170 1374 3220 codd.
1400 3171 1579 3236 itaque
1604 3170 1801 3219 Brund.
1819 3174 1867 3220 1.
1884 3175 1932 3220 2.
1950 3177 2004 3219 et
2023 3184 2199 3219 omues
2219 3170 2333 3220 fere
2356 3172 2660 3221 Torreniani

455 3243 511 3283 et
535 3235 655 3285 edd.
679 3241 809 3285 vett.
830 3235 1048 3298 equitata
1069 3235 1216 3284 Leid.
1241 3240 1291 3284 5.
1312 3234 1470 3284 Aldu.
1494 3235 1659 3284 Colin.
1681 3233 1885 3298 Gryph.
1906 3243 1964 3284 et
1982 3233 2161 3299 steph.
2186 3237 2443 3298 equitatum
2466 3238 2659 3286 venet.

455 3302 634 3348 4.--67
667 3301 994 3364 Ejiciendum
1015 3299 1074 3347 τὸ
1094 3301 1224 3348 Deos
1245 3307 1398 3362 putat
1423 3298 1665 3349 Perizon.
1698 3305 1754 3349 et
1786 3299 1937 3349 deest
1971 3299 2021 3348 iu
2047 3300 2241 3350 Medic.
2266 3305 2312 3350 1.
2334 3305 2515 3349 2.-68
2547 3300 2662 3350 ‘Ita

455 3363 590 3412 bene
613 3363 750 3412 hunc
767 3366 937 3415 locum
959 3378 1026 3412 ex
1046 3364 1228 3426 camp.
1253 3363 1486 3412 restituit
1507 3364 1745 3425 Pighius.
1804 3363 2021 3412 Habent
2038 3363 2113 3413 ita
2127 3379 2331 3428 qnoque
2356 3379 2440 3415 uu.
2458 3365 2659 3414 Brand,

459 3428 586 3478 Vet.
607 3429 752 3492 Mog.
773 3436 828 3478 et
851 3429 1016 3477 Mart.
1042 3428 1266 3490 Herbip.
1300 3427 1409 3478 Alii
1427 3428 1508 3476 vel
1525 3432 1715 3476 tantam
1729 3443 1821 3476 mm
1838 3429 2107 3489 omittunt,
2122 3430 2203 3477 vel
2225 3428 2419 3478 habent
2438 3445 2532 3478 non
2551 3435 2659 3478 tun-

456 3496 558 3540 tum
573 3492 868 3558 ‹rr-bitena&
885 3498 938 3543 et
957 3495 1112 3542 victor
1131 3493 1344 3542 victorie
1359 3491 1600 3558 (victoria
1622 3492 1827 3556 quidam
1846 3493 2026 3542 delent
2040 3491 2083 3556 ;)
2106 3492 2248 3557 Lips.
2271 3494 2529 3544 Thaneri:
2562 3508 2661 3542 non

1447 3637 1669 3689 NOTAE

520 3755 536 3789 ¹
573 3753 848 3804 Micazmin
871 3751 1068 3814 montis]
1123 3751 1187 3800 In
1206 3750 1336 3802 Asia
1357 3751 1520 3802 mino-
1602 3758 1775 3803 antea.

461 3830 506 3880 ri
529 3844 560 3880 e
582 3831 792 3894 regione
813 3829 954 3878 Sami
974 3829 1174 3877 insulae.
1662 3826 1687 3860 ¹⁸
1719 3828 1941 3893 Syphax]
1979 3829 2120 3892 Lege
2144 3828 2235 3877 lib.
2261 3842 2319 3876 v.
2343 3841 2461 3889 cap.
2487 3831 2536 3877 1.
2569 3826 2659 3876 ubi

522 3903 540 3948 1
573 3905 866 3970 Dionysius]
913 3902 1118 3965 Junior,
1140 3902 1218 3952 bis
1239 3902 1326 3951 ille
1342 3903 1519 3966 pulsus
1598 3904 1713 3953 haec
1737 3904 2107 3967 explicuimus3
2144 3905 2222 3953 bis
2258 3903 2346 3952 ille
2369 3903 2537 3952 victus
2562 3909 2660 3962 est,

461 3988 733 4052 Syracusis
757 4000 770 4032 ι
795 3985 954 4034 semel
973 3983 1192 4032 aDione
1210 3981 1263 4028 in
1280 3979 1519 4040 Italiam3
1602 3979 1822 4041 primum
1854 3994 1887 4028 a
1923 3980 2185 4043 Scipione,
2215 3979 2403 4029 deinde
2436 3995 2467 4029 a
2500 3981 2659 4030 Laelio

462 4069 652 4116 iterum
676 4081 708 4114 a
727 4063 1056 4112 Timoleonte
1088 4057 1412 4118 Corinthum,
1431 4055 1520 4104 ubi
1602 4061 1659 4103 et
1691 4054 1987 4119 Masinissa,
2019 4069 2051 4103 a
2074 4055 2258 4119 quibus
2280 4054 2439 4106 etiam
2470 4063 2658 4120 captus

461 4157 654 4208 pueros
695 4141 874 4190 literas
916 4137 1112 4186 docuit.
1179 4134 1286 4183 Sed
1331 4132 1400 4180 de
1442 4132 1522 4180 his
1602 4135 1703 4178 est.
