3144 4925
564 366 697 432 832
1168 381 1479 432 masau
1530 381 1824 432 MAXIM}
1875 383 2015 430 mn.
2061 376 2170 430 ix.

567 527 921 611 quisquam
968 523 1139 588 satis
1182 523 1380 606 digne
1430 529 1675 608 potest,
1722 524 1881 608 quia
1931 522 2088 586 dum
2131 522 2370 606 quaerit
2406 522 2748 606 victoriae,

566 627 952 710 Scipionem
998 644 1072 689 se
1122 626 1380 708 populo
1438 624 1785 704 Roman03
1829 623 1988 688 dum
2031 630 2355 701 exercet,4
2395 625 2750 692 Hanniba-

568 730 699 794 lem
724 727 1264 810 repraesentavit:
1325 725 1584 808 egregie
1617 743 1901 808 namque
1933 724 2322 792 auctoritate
2367 728 2749 793 nobilitatis

567 829 866 909 defensa,
889 827 1243 894 crudeliter
1273 833 1484 893 totam
1529 826 1804 902 Urbem,
1833 834 2038 910 atque
2080 845 2312 890 omnes
2343 825 2560 893 Italiae
2591 849 2750 912 par·

567 935 669 996 tes
714 930 939 996 civilis
981 930 1325 1013 sanguinis
1372 927 1757 992 fluminibus
1806 926 2201 993 inundavit:
2264 935 2546 1014 quatuor
2583 930 2750 1012 legi-

568 1053 732 1098 ones
750 1031 776 1070 '’
816 1033 1163 1098 contrariae
1222 1032 1458 1115 partis,
1504 1029 1702 1094 fidem
1757 1049 1944 1094 suam
1997 1037 2294 1108 secutas,
2337 1032 2410 1095 in
2460 1032 2752 1098 Publica

568 1134 757 1200 Villa
796 1134 981 1219 [quae
1032 1135 1103 1198 in
1137 1133 1386 1199 Martio
1441 1151 1688 1215 campo
1734 1130 1947 1211 erat]5
1990 1133 2438 1217 nequicquam
2481 1133 2750 1198 fallacis
2783 1127 2790 1131 ’

570 1237 869 1302 dexterae
940 1235 1464 1300 misericordiam
1537 1231 1994 1315 implorantes,
2059 1233 2440 1297 obtruncari
2487 1233 2752 1316 jussit.-

570 1336 875 1417 Quarum
902 1335 1365 1400 lamentabiles
1393 1333 1754 1416 quiritatus
1782 1331 2065 1414 trepidae
2106 1333 2406 1398 civitatis
2435 1354 2624 1400 aures
2650 1355 2752 1398 re-

570 1441 882 1521 ceperunt
900 1435 963 1503 :⁶
1004 1437 1303 1501 lacerata
1345 1435 1515 1500 ferro
1564 1450 1852 1515 corpora
1893 1432 2161 1498 Tiberis
2205 1434 2556 1519 impatiens
2583 1439 2752 1501 tanti

572 1541 791 1604 oneris
822 1540 1185 1604 cruentatis
1220 1537 1415 1621 aquis
1444 1536 1678 1601 vehere
1721 1541 2000 1600 coactus
2021 1581 2028 1592 .
2046 1545 2171 1600 est.
2258 1534 2576 1621 Quinque
2605 1539 2752 1603 mil-

569 1641 668 1706 lia
694 1640 1250 1706 Praenestinorum
1270 1647 1294 1674 ⁰
1338 1657 1461 1721 spe
1491 1637 1734 1702 salutis
1762 1656 1878 1720 per
1908 1637 1991 1700 P.
2015 1636 2382 1721 Cethegum
2420 1639 2602 1717 data,
2630 1659 2752 1703 ex-

572 1749 677 1807 tra
724 1742 975 1806 moenia
1017 1741 1363 1823 municipii
1412 1744 1747 1815 evocata,⁷
1791 1757 1946 1804 cum
1993 1739 2280 1823 abjectis
2325 1741 2527 1804 armis
2567 1741 2753 1804 humi

571 1861 852 1926 corpora
872 1843 1416 1925 prostravissent,
1443 1840 1918 1920 interficienda,
1942 1841 2378 1924 protinusque
2406 1861 2529 1924 per
2557 1861 2754 1923 agros

572 1943 1009 2028 dispergenda
1039 1943 1316 2007 curavit.
1405 1941 1721 2022 Quatuor
1759 1941 1973 2005 millia
1999 1946 2066 2006 et
2105 1943 2562 2026 septingentos
2591 1943 2753 2007 dirae

571 2044 1083 2128 proscriptionis
1115 2044 1339 2108 edicto
1358 2044 1705 2128 jugulatos
1732 2044 1803 2107 in
1839 2042 2108 2106 tabulas
2149 2043 2460 2125 publicas
2488 2044 2748 2108 retulit:

574 2145 885 2210 videlicet
928 2163 1014 2207 ne
1060 2146 1373 2208 memoria
1412 2149 1549 2209 tam
1595 2145 1938 2227 praeclarae
1968 2143 2065 2207 rei
2110 2142 2516 2208 dilueretur-‚⁸
2605 2144 2755 2209 Nec

504 2237 511 2243 ’
572 2249 925 2308 contentus
955 2243 1025 2305 in
1051 2263 1172 2306 eos
1200 2245 1459 2321 saevire,
1490 2245 1606 2326 qui
1637 2245 1832 2308 armis
1864 2263 1907 2308 a
1937 2264 2012 2307 se
2043 2244 2516 2324 dissenserant,
2547 2246 2754 2309 etiam

573 2346 781 2428 quieti
810 2345 1012 2409 animi
1040 2345 1249 2424 cives,
1280 2351 1553 2429 propter
1580 2345 1890 2428 pecuniae
1921 2345 2460 2427 magnitudinem,
2491 2367 2609 2430 per
2634 2367 2757 2411 no-

1759 2509 1849 2530 ΝΟ

577 2609 723 2664 Quem
745 2608 867 2657 enim
887 2614 1105 2659 vera—4
1139 2610 1155 2637 ‘
1174 2608 1389 2673 Pighius
1421 2609 1473 2659 in
1507 2608 1709 2660 duobus
1733 2610 1887 2659 codd.
1922 2608 2118 2672 reperit
2138 2610 2248 2658 dum
2271 2606 2502 2657 sevitiam
2533 2614 2718 2657 exercet
2736 2626 2758 2667 ,-

570 2672 837 2737 ipsamque
862 2688 1038 2723 vocem
1074 2674 1305 2722 sevitiam
1327 2674 1378 2723 in
1403 2680 1602 2723 textum
1626 2675 1847 2735 recepit.
1916 2674 1986 2722 At
2014 2674 2224 2723 Colerus
2261 2686 2433 2721 rursus
2471 2674 2722 2735 expunxit
2743 2690 2759 2723 ε

569 2738 936 2800 contenditque
959 2737 1237 2787 rectissime
1261 2738 1366 2787 dici
1387 2739 1636 2787 victoriam
1655 2753 1889 2788 exercere.
1937 2737 2038 2787 Sed
2063 2744 2118 2786 et
2133 2736 2427 2786 Gronovius
2451 2736 2584 2785 Obs.
2607 2750 2688 2784 iv.
2705 2742 2774 2787 ⁵.·

564 2800 787 2863 judicat,
825 2800 1043 2863 pessime
1088 2801 1324 2865 Pighium
1367 2801 1605 2851 soevieiam
1641 2817 1706 2850 ex
1747 2800 1948 2851 duobus
1991 2802 2250 2864 corruptis
2291 2800 2440 2850 codd.
2485 2801 2760 2863 adjecisse.

573 2863 743 2913 Abest
765 2878 887 2913 sane
911 2872 964 2914 et
988 2865 1053 2913 ab
1075 2880 1176 2913 uno
1198 2866 1313 2915 cod.
1338 2865 1531 2915 Brand.
1557 2866 1786 2930 itemque
1823 2866 1890 2915 ab
1926 2864 2303 2929 antiquioribus
2338 2864 2478 2927 typis
2501 2867 2761 2927 expressis

572 2927 695 2976 Aldi
719 2935 774 2977 et
798 2928 1058 2978 Chalcoc.'
1100 2930 1256 2978 Vorst.
1322 2929 1497 2979 Leidd.
1515 2934 1567 2979 2.
1592 2934 1641 2979 3.
1660 2933 1709 2978 4.
1729 2937 1788 2979 et
1809 2928 2001 2993 Ultraj.
2025 2935 2072 2977 1.
2095 2928 2358 2985 sevitium3
2391 2927 2481 2975 sed
2509 2941 2573 2975 ex
2597 2928 2758 2978 Barb.

574 2996 623 3042 2.
664 2994 878 3055 colligas
915 2992 1042 3042 illud
1081 3007 1147 3042 ex
1183 3007 1341 3054 marg.
1385 2995 1437 3041 in
1481 3000 1782 3043 contextum
1816 2993 2103 3056 irrepsisse.
2169 2991 2348 3041 Habet
2381 3000 2434 3040 et
2463 2991 2590 3039 illud
2623 2994 2760 3053 Mog.

570 3056 818 3104 Nonnulli
854 3062 1172 3119 reproesentat.
1237 3055 1474 3105 Perizon.
1512 3058 1649 3121 conj.
1677 3060 1789 3106 dum
1821 3062 2007 3107 exercet
2027 3056 2230 3115 soevitiu,
2248 3057 2331 3104 vel
2351 3055 2564 3105 sevitute
2590 3055 2660 3104 H.
2685 3071 2756 3103 re-

566 3124 939 3180 presentat—5
973 3122 989 3148 ‘
1015 3119 1145 3169 Haec
1168 3121 1327 3169 verba
1350 3122 1606 3184 glossema
1625 3121 1852 3184 sapiunt,
1867 3135 2027 3185 quare
2051 3121 2194 3168 uncis
2218 3119 2420 3181 inclusi,
2441 3120 2566 3167 licet
2583 3121 2632 3167 in
2652 3134 2759 3167 om-

573 3181 721 3229 nibus
754 3182 898 3231 libris
920 3184 1188 3233 haereant!
1218 3186 1377 3248 Kupp.
1444 3184 1547 3233 Sed
1589 3200 1762 3234 omnes
1783 3191 1989 3234 servant
2011 3182 2160 3233 codd.
2179 3184 2495 3232 Turrem—6
2523 3183 2760 3232 Perizou.

571 3244 709 3307 conj.
724 3248 960 3306 recipere,-
992 3248 1081 3296 sed
1105 3262 1205 3296 non
1229 3247 1405 3298 favent
1424 3248 1672 3300 codd.—⁷
1695 3249 1782 3298 Sic
1806 3249 2052 3310 Pighius:
2083 3254 2140 3296 et
2157 3244 2367 3295 firmant
2389 3247 2482 3295 hoc
2501 3248 2630 3295 Mss.
2649 3247 2760 3309 ple·

572 3308 737 3370 rique.
772 3310 917 3370 Mog.
954 3317 1010 3359 et
1047 3310 1164 3359 Asc.
1231 3311 1332 3360 Sed
1371 3314 1565 3361 Venet.
1597 3312 1814 3361 Medici.
1847 3310 2012 3360 Aldus
2041 3319 2096 3359 et
2131 3311 2312 3373 reliqui
2347 3315 2589 3367 evocatam
2621 3310 2758 3373 qnod

574 3379 655 3420 est
686 3373 736 3421 in
771 3372 917 3421 Harl.
955 3372 1113 3422 Barb.
1140 3374 1249 3423 Bit.
1284 3382 1340 3424 et
1369 3376 1562 3439 Ultraj.
1589 3376 1881 3439 primis.—-8
1919 3376 2084 3423 Bitur.
2120 3380 2168 3423 1.
2197 3376 2449 3423 deleretur.
2519 3374 2758 3423 Perizon.

570 3436 813 3499 ascripsit
830 3434 1132 3499 dilaberetur,
1154 3438 1291 3501 quod
1308 3438 1562 3489 Tou-renio
1581 3440 1707 3490 satis
1729 3438 1958 3499 atriden
1994 3453 2095 3488 non
2110 3438 2230 3487 item
2249 3438 2578 3501 Kappio.—9
2612 3437 2760 3487 Leid-

1558 3564 1776 3616 NOTAE

638 3657 661 3692 b
695 3659 912 3714 Quutuor
946 3658 1175 3722 legiones]
1209 3660 1447 3711 Quatuor
1470 3660 1630 3710 millia
1772 3667 1795 3694 θ
1853 3661 2073 3724 Quinque
2131 3661 2284 3710 niuis
2337 3657 2764 3720 Praenestinorum]

575 3734 777 3795 Florus,
810 3748 902 3783 sex
936 3735 1266 3798 Plutarchus,
1316 3742 1436 3785 octo
1480 3737 1626 3800 Epir.
1708 3738 1990 3801 Postquam
2031 3738 2308 3786 Lucretius
2336 3734 2506 3785 Mario
2552 3734 2763 3798 juniore

572 3808 806 3870 Liviana,
828 3822 1012 3858 novem
1036 3808 1277 3860 Aurelius
1298 3792 1499 3862 Victor.
1562 3812 1628 3860 In
1708 3820 1911 3864 mortuo
1933 3814 2029 3862 hac
2043 3813 2167 3861 urbe
2179 3812 2374 3876 potitus
2391 3816 2492 3872 est,
2509 3810 2632 3858 illuc
2647 3809 2768 3871 Syl-

575 3883 717 3933 circo
754 3884 977 3933 maximo
1018 3883 1208 3934 factam
1252 3886 1386 3934 hanc
1430 3886 1628 3935 coedem
1708 3888 1760 3936 la
1780 3889 2104 3939 secontulitz
2132 3888 2352 3951 primum
2375 3900 2532 3936 causa
2551 3884 2767 3947 cognita

575 3958 737 4008 tradit
757 3958 1087 4021 Plutarchus,
1120 3960 1239 4009 dum
1274 3962 1416 4025 Sylla
1438 3962 1489 4011 in
1513 3962 1628 4011 aede
1709 3961 2077 4012 animadvertit
2134 3963 2186 4011 iu
2245 3962 2501 4026 singulos3
2557 3958 2766 4018 deinde,

577 4032 809 4081 Bellonae
832 4034 1081 4083 Senatum
1102 4035 1339 4085 haberet.
1707 4037 1854 4102 quasi
1878 4053 1979 4087 uon
2004 4044 2230 4101 vacaret,
2263 4038 2404 4088 cives
2438 4051 2540 4087 uno
2573 4035 2625 4084 in
2645 4036 2766 4085 loeo

641 4104 671 4133 ²
702 4106 806 4156 An.
827 4108 904 4157 M.
926 4112 1070 4158 3972.
1127 4109 1214 4160 01.
1250 4114 1363 4163 1⁷4.
1394 4115 1445 4163 3.
1495 4111 1628 4162 Urb.
1709 4119 2005 4161 contractos
2023 4113 2087 4163 ad
2108 4113 2378 4165 duodecim
2402 4114 2566 4163 millia
2581 4111 2768 4165 confici

582 4177 642 4227 C.
668 4182 783 4228 671.
839 4180 967 4231 Ant.
993 4182 1088 4233 Ch.
1112 4187 1192 4233 81.
1702 4187 1880 4250 jussit.
1911 4188 2054 4237 Plut.
