3144 4925
585 335 714 404 864
1171 349 1483 406 vsn'mm
1531 353 1822 406 qulm
1875 355 2016 408 ιη.
2049 353 2158 408 1x.

590 491 934 563 Numidae³
966 495 1193 562 infidis
1212 498 1604 580 praecordiis
1632 517 1826 564 suam
1854 501 2098 583 pariter
2127 506 2199 563 et
2224 500 2458 581 patriae
2487 496 2772 566 salutem

590 599 1039 684 depositurus!
1126 598 1365 682 Itaque
1410 600 1659 682 exiguo
1703 607 2044 665 momento
2091 600 2405 665 maximae
2434 601 2533 664 rei
2572 621 2776 666 casus

592 701 955 764 fluctuatus
992 703 1150 776 est‚⁴
1190 707 1407 764 utrum
1451 701 1855 778 interfector,
1899 719 1984 764 an
2025 700 2335 784 captivus
2352 699 2404 739 '’-
2433 701 2778 783 Scipionis

593 800 878 884 Syphax
900 805 925 844 ¹
968 797 1210 864 fieret?

676 901 743 964 2.
786 899 832 963 J
838 897 989 963 am⁶
1035 897 1113 964 C.
1137 898 1433 964 Caesaris
1462 916 1714 983 anceps
1744 905 2044 977 conatus,
2077 900 2206 963 etsi
2225 901 2599 965 coelestium
2616 920 2780 965 cura

594 1005 940 1086 protectus
973 1005 1099 1077 est,
1144 1000 1266 1064 vix
1295 1008 1523 1064 tamen
1554 1003 1698 1066 sine
1727 1001 1929 1066 animi
1973 1000 2244 1065 horrore
2273 1000 2496 1065 referri
2523 1007 2779 1084 potest.

597 1100 947 1185 Siquidem
1003 1101 1371 1182 impatiens
1438 1101 1777 1184 legionum
1803 1109 1827 1136 ⁶
1885 1101 2194 1165 tardioris
2245 1120 2292 1164 a
2355 1100 2734 1164 Brundusio
2751 1098 2785 1135 ‘¹

597 1199 1033 1284 Apolloniam
1062 1201 1400 1285 trajectuS‚
1431 1221 1553 1286 per
1581 1203 2073 1268 simulationem
2107 1202 2409 1266 adversae
2446 1200 2783 1266 valetudi-

596 1302 706 1366 nis
736 1303 1047 1367 convivio
1078 1321 1410 1384 egressus,
1434 1303 1787 1387 majestate
1807 1321 1936 1366 sua
1962 1303 2188 1366 servili
2202 1307 2386 1365 veste
2405 1300 2781 1377 occultata,

597 1403 982 1467 naviculam
1010 1403 1423 1481 conscendit,
1475 1408 1544 1467 et
1581 1423 1620 1467 e
1644 1403 1910 1466 flumine
1927 1407 1952 1450 ⁷
1995 1401 2200 1466 maris
2228 1398 2565 1464 Adriatici
2594 1417 2786 1465 saeva·

600 1509 1001 1587 tempestate
1032 1503 1501 1587 faucespetiit.
1590 1503 2044 1587 Protinusque
2075 1503 2144 1567 in
2173 1502 2382 1565 altum
2413 1499 2606 1582 dirigi
2637 1501 2785 1584 jus-

601 1621 681 1669 so
712 1606 1007 1686 navigio,
1030 1605 1311 1669 multum
1335 1623 1417 1669 ac
1441 1605 1555 1670 diu
1574 1604 1924 1668 contrariis
1941 1604 2242 1687 jactatus
2271 1601 2609 1678 fluctibus,
2635 1609 2784 1667 tan·-

602 1703 756 1768 dem
786 1706 1173 1769 necessitati
1203 1705 1503 1770 cessit.‘†
1753 1699 1760 1706 ”

688 1807 749 1869 3.
794 1802 969 1887 Age,
1018 1805 1138 1868 illa
1170 1825 1372 1889 quam
1416 1805 1816 1872 execrabilis
1862 1805 2153 1870 militum
2204 1803 2578 1868 temeritas!
2621 1801 2788 1864 fecit

604 1905 779 1969 enim
810 1912 888 1968 ut
917 1903 1006 1969 A.
1033 1903 1321 1970 Albinus
1343 1901 1366 1940 f
1400 1907 1773 1985 nobilitate,
1802 1907 2122 1982 moribuS,
2147 1904 2470 1970 honorum
2497 1901 2789 1968 omnium

600 2163 807 2226 Gryph.
831 2169 887 2214 et
909 2164 1087 2226 Steph.
1118 2167 1459 2228 aspicem—8
1482 2165 1570 2215 Ita
1591 2166 1811 2216 Torren.
1836 2165 2080 2228 restituit,
2099 2178 2216 2214 cum
2239 2161 2484 2212 Numidia
2504 2159 2794 2210 edidissent

603 2229 758 2290 Pigh.
784 2228 951 2276 Coler.
972 2229 1127 2290 Tliys.
1158 2236 1216 2277 et
1246 2231 1519 2277 Versu—4
1550 2229 1766 2292 Pighius
1791 2228 2053 2291 fluctuavit
2085 2242 2153 2278 ex
2191 2227 2386 2276 duobus
2419 2224 2569 2274 codd.
2602 2231 2794 2273 contra

604 2304 781 2339 omnes
822 2291 946 2339 alios
984 2291 1257 2340 librom—5
1290 2293 1307 2321 ⁸
1325 2292 1413 2341 Ita
1433 2293 1709 2341 Torrenius
1747 2293 2034 2357 rescripsit,
2067 2290 2402 2354 probantibus
2437 2287 2703 2337 Gronovio
2731 2293 2794 2336 et

604 2353 879 2405 Perizonio
900 2369 916 2414 ς
939 2369 1055 2402 nam
1074 2355 1282 2418 vulgata
1297 2355 1453 2405 lectio
1466 2363 1552 2404 est
1571 2355 1849 2414 interfector
1864 2371 1927 2404 an
1947 2355 2159 2418 captivus
2179 2353 2340 2418 Scipio
2357 2351 2612 2416 Sypbwitss
2637 2356 2794 2424 ἃῐψξθ

605 2417 685 2483 ita
714 2417 955 2468 Vorstius
995 2417 1177 2468 edidit.
1242 2419 1455 2483 Pighius
1494 2425 1551 2469 et
1589 2419 1802 2469 Colerus
1838 2420 2048 2483 captivus
2076 2433 2136 2468 an
2174 2420 2322 2469 victor
2351 2416 2508 2479 Scipio
2547 2415 2588 2465 S
2616 2414 2796 2490 phocis.

604 2483 841 2532 Torrenii
862 2483 1017 2531 lectio
1051 2482 1261 2547 propius
1300 2483 1366 2532 ad
1399 2483 1677 2534 lectionem
1715 2484 1963 2534 librorum
1996 2482 2220 2543 accedit,
2255 2487 2413 2545 atque
2441 2494 2558 2528 cu·
2620 2479 2799 2527 istoria

606 2547 863 2596 convenit.
930 2547 1106 2597 Quare
1149 2547 1305 2595 malui
1347 2547 1648 2597 Torrenium
1695 2563 1850 2623 quam
1888 2547 2127 2611 Pighium
2178 2544 2358 2609 sequi?
2406 2545 2665 2605 Κακὴ-6
2709 2540 2796 2590 Ita

608 2608 800 2660 Brand.
824 2614 871 2659 1.
894 2614 945 2659 2.
968 2615 1086 2659 octo
1107 2610 1261 2659 codd.
1281 2612 1497 2659 Torren.
1514 2626 1631 2659 cum
1655 2611 1768 2660 aliis
1791 2609 1940 2674 Pigh.
2006 2612 2138 2659 Num
2153 2609 2272 2658 edd.
2294 2612 2426 2657 vett.
2491 2607 2618 2654 Mox
2640 2610 2800 2678 tmen

605 2674 761 2722 vixin
781 2674 995 2727 iisdem:
1026 2678 1234 2723 attamen
1264 2674 1317 2721 in
1340 2674 1598 2723 nonnullis
1617 2675 1836 2725 Torren.
1873 2674 1954 2725 vel
1987 2690 2079 2723 non
2115 2680 2272 2722 tamen
2301 2672 2404 2731 vix,
2428 2674 2488 2718 ut
2508 2667 2690 2718 credas
2710 2682 2798 2715 mx

606 2748 677 2785 ex
700 2738 867 2800 glossa
889 2743 1092 2796 ortum3
1124 2738 1211 2785 vix
1232 2742 1389 2786 tamen
1408 2738 1509 2786 sine
1528 2739 1720 2787 horrore
1753 2740 1900 2801 Mog.
1934 2752 2092 2786 errore
2125 2738 2410 2798 Copesae-‘I
2447 2734 2533 2782 Sic
2557 2732 2706 2806 Pigh3
2728 2744 2797 2779 ex

609 2800 782 2849 Pulm.
802 2807 858 2849 et
878 2801 991 2850 Sus.
1014 2800 1165 2850 codd.
1188 2806 1361 2850 tamen
1382 2802 1599 2851 Torren.
1635 2808 1693 2851 et
1729 2801 1849 2852 edd.
1882 2808 2013 2851 vett.
2045 2816 2071 2849 e
2091 2801 2297 2864 flandae
2330 2801 2504 2847 ‹un—8
2537 2796 2726 2857 UltrsJ.
2748 2797 2792 2842 1.

1601 2934 1814 2986 NOTAE

608 3029 825 3079 {nendos
846 3030 1105 3079 Romanos
1120 3026 1375 3091 parabam
1408 3042 1525 3079 cum
1542 3044 1665 3079 ven·
1747 3045 1908 3094 usque
1959 3018 2226 3094 perducta,
2267 3035 2324 3079 et
2387 3033 2544 3092 portu
2597 3022 2797 3075 nobilis.

608 3112 666 3155 to
688 3106 1073 3155 obsecundante
1097 3112 1303 3167 portum
1335 3105 1529 3169 regium
1555 3107 1665 3155 Sci·
1747 3106 1920 3156 Hodie
1969 3107 2194 3156 Brindes.
2260 3105 2343 3153 De
2381 3101 2662 3167 Apollonia
2715 3114 2800 3148 an·

611 3180 698 3241 pio
737 3180 995 3242 ingressus
1042 3188 1141 3230 est.
1227 3178 1446 3244 Reliqua
1505 3195 1666 3246 supra

612 3252 853 3303 diximus.

674 3327 699 3361 b
730 3330 809 3375 Aa
831 3328 1059 3390 captivus,
1076 3327 1183 3391 ξω]
1203 3328 1400 3377 Postea
1415 3327 1551 3377 enim
1577 3329 1668 3392 Sy-

611 3398 825 3465 phacem
842 3400 970 3450 vicit
984 3402 1161 3465 Scipio
1186 3416 1201 3462 3
1220 3415 1372 3465 quem
1396 3402 1439 3450 si
1456 3402 1668 3466 Syphax

610 3477 931 3538 retinuisset,
965 3490 1065 3526 nec
1098 3476 1163 3525 ab
1198 3476 1287 3525 illo
1307 3475 1473 3526 victus
1511 3482 1670 3540 esset,

610 3558 710 3601 nec
734 3552 784 3601 in
800 3550 1114 3613 triumphum
1130 3550 1337 3599 ductus.

677 3625 709 3655 *
747 3625 847 3675 An.
884 3628 1034 3675 3848.
1074 3624 1164 3675 Ol.
1199 3627 1310 3673 143.
1344 3627 1393 3675 ⁸.
1435 3623 1566 3675 vrb.
1611 3622 1670 3675 C.

614 3704 730 3750 647.
752 3699 879 3751 Ant.
898 3699 995 3750 Ch.
1016 3703 1128 3748 105.

682 3782 705 3809 θ
738 3774 999 3838 Impatiens
1020 3774 1275 3837 legionum]
1299 3775 1427 3824 Cum
1450 3773 1671 3824 Bibulus

610 3848 787 3899 hostili
805 3849 973 3899 classe
1009 3863 1148 3897 mare
1183 3855 1407 3912 teneret,
1426 3858 1483 3899 et
1503 3847 1672 3899 Anto·

615 3926 748 3987 nius,
774 3926 1006 3988 quamvis
1049 3924 1218 3974 literis
1240 3938 1379 3988 saepe
1409 3930 1677 3985 evocatus,

612 4010 716 4048 non
742 4000 970 4048 solveret
982 3998 1289 4049 Brundusio.

681 4072 705 4103 ‘¹
744 4072 1034 4136 Brundusio]
1055 4074 1194 4124 Urbs
1218 4082 1297 4123 est
1318 4072 1589 4134 Calabriae,
1611 4067 1676 4121 ad

596 4154 759 4196 'mare
810 4148 1189 4202 Hadriaticum.
1253 4150 1355 4199 Via
1394 4148 1569 4213 Appia
1615 4162 1678 4198 eo

1749 3186 1852 3288 tet·
1863 3256 2067 3305 Tandem
2082 3253 2348 3305 necessitati
2366 3253 2532 3315 cessit]
2554 3252 2681 3300 Cum
2697 3248 2799 3298 vim

1751 3330 1989 3392 procellae
2025 3330 2339 3393 gubernator
2377 3332 2656 3386 metueret,
2691 3323 2805 3371 Cae·

1724 3416 1837 3452 *sar
1854 3404 2178 3468 apprehensa
2207 3403 2340 3452 illius
2359 3402 2612 3450 dextera:
2647 3400 2662 3425 ‘
2677 3398 2802 3447 Per-

1752 3476 1853 3541 ξιξ
1873 3478 2060 3542 inquit,
2090 3478 2337 3527 audacter
2367 3490 2563 3541 perge3
2597 3488 2695 3523 nec
2715 3486 2804 3521 ex—

1750 3553 1991 3602 timescas
2032 3553 2323 3617 quicquam,
2351 3552 2611 3617 Caesarem
2646 3549 2805 3609 vehis,

1752 3640 1814 3676 ac
1837 3627 2056 3676 Caesaris
2075 3625 2331 3677 fortunam
2361 3624 2705 3689 navigationis
2719 3637 2805 3673 co-

1749 3700 1948 3751 mitem.

1818 3784 1840 3830 i·
1874 3774 1976 3825 An.
2005 3776 2082 3826 M.
2100 3779 2248 3827 4006.
2269 3776 2358 3827 01.
2375 3779 2491 3826 183.
2515 3779 2564 3825 1.
2588 3772 2717 3823 vrb.
2742 3772 2803 3822 C.

1749 3848 1865 3900 705.
1887 3855 2010 3901 Ant.
2032 3852 2128 3901 Ch.
2144 3854 2226 3901 47.

1820 3922 1840 3955 ¹
1860 3924 1926 3974 A.
1954 3925 2180 3989 Albinus]
2207 3926 2285 3974 Ex
2306 3929 2462 3988 gente
2481 3918 2806 3982 Postlmmia,

1754 4000 1835 4047 vir
1851 4000 2154 4063 Praetorius,
2167 4008 2223 4050 et
2237 4000 2391 4064 Syllae
2409 4000 2462 4047 in
2482 3998 2614 4048 bello
2629 3997 2810 4046 sociali

1753 4074 1974 4138 legatus,
1991 4089 2057 4125 ex
2080 4072 2223 4125 Plut.
2254 4074 2406 4124 classi
2426 4070 2733 4133 Praefectus,
2753 4079 2809 4120 et

1760 4163 1791 4198 s
1833 4148 2081 4201 militibus
2102 4150 2168 4200 ob
2192 4146 2494 4213 proditionis
2516 4146 2712 4199 crimen
2734 4145 2809 4193 in·
