3144 4925
1081 383 1251 432 cu.
1281 384 1352 431 v.
1397 385 1496 434 ns
1537 384 1912 434 susm-ru.
1952 359 1957 366 ’
2453 371 2586 438 631

394 531 646 608 gestam
675 527 1050 602 censuram,
1065 526 1385 609 majorem
1415 525 1712 591 civitatis
1741 531 2005 610 partem
2024 536 2579 612 amputassent,

395 627 566 692 diem
597 628 703 692 his
732 627 814 691 P.
847 626 1150 693 Rutilius
1171 636 1222 678 ¹⁷
1265 629 1568 693 tribunus
1596 629 1823 712 plebis
1844 628 2323 712 perduellionis
2350 630 2439 694 ad
2466 649 2587 714 po-

392 729 631 811 pulum
661 729 853 807 dixit,
899 734 1146 812 praeter
1192 747 1617 793 communem
1667 731 2298 811 consternationem,
2324 732 2591 815 privata

395 831 598 897 etiam
636 831 742 894 ira
770 848 1138 909 accensus;
1182 830 1343 911 quia
1388 834 1409 865 ‘
1429 828 1873 895 necessarium
1916 829 2064 914 ejus
2082 831 2131 870 ¹⁸
2173 837 2291 898 ex'
2313 831 2587 915 publico

392 929 548 994 loco
565 931 904 1014 'parietem
949 930 1250 994 demoliri
1271 928 1288 956 ’
1321 931 1682 1014 jusserant.
1768 930 1927 1009 Quo
1952 933 2024 996 in
2059 932 2320 1017 judicio
2347 935 2585 1018 primae

393 1032 640 1096 elassis
670 1030 1014 1113 permultae
1071 1035 1387 1097 centuriae
1437 1032 1799 1097 Claudium
1850 1039 2085 1117 aperte
2128 1034 2583 1100 damnabant:

393 1133 482 1196 de
537 1131 828 1196 Gracchi
885 1132 1302 1197 absolutione
1359 1134 1683 1200 universae
1735 1134 2105 1200 consentire
2166 1135 2585 1202 videbantur.

394 1231 534 1311 Qui
562 1233 746 1298 clara
774 1252 940 1298 voce
961 1233 1244 1314 juravit,
1288 1238 1309 1269 ‘
1333 1233 1392 1298 si
1421 1233 1505 1298 de
1537 1235 1799 1316 collega
1830 1253 1953 1298 suo
1975 1235 2243 1317 gravius
2271 1243 2457 1300 esset
2473 1237 2587 1321 ju-

388 1333 710 1411 dicatum,
737 1333 808 1398 in
835 1333 1037 1398 factis
1081 1335 1358 1416 paribus
1388 1349 1462 1399 se
1491 1334 1767 1408 eandem
1800 1355 1951 1400 cum
1997 1337 2115 1400 illo
2150 1356 2425 1420 poenam
2467 1356 2587 1401 ex-

391 1434 496 1500 ilii
514 1443 564 1485 ¹⁹
608 1432 1022 1500 subiturum.’
1109 1433 1348 1518 anue
1395 1435 1671 1518 justitia
1726 1441 1871 1500 tota
1917 1436 2037 1501 illa
2082 1443 2453 1520 tempestas
2500 1440 2587 1503 ab

391 1535 742 1619 utriusque
790 1535 1070 1602 fortunis
1101 1543 1170 1602 et
1196 1537 1422 1620 capite
1453 1538 1741 1619 depulsa
1780 1545 1909 1602 est.
1998 1537 2357 1604 Claudium
2408 1539 2589 1604 enim

391 1637 694 1720 populus
741 1637 1062 1703 absolvit:
1109 1636 1423 1703 Graccho
1451 1657 1679 1704 causae
1711 1638 2077 1704 dictionem
2105 1639 2409 1704 tribunus
2444 1639 2589 1706 Ru-

393 1738 586 1803 tilius
607 1745 662 1776 ²⁰
706 1736 1008 1804 remisit.j
1035 1739 1058 1786 t

479 1841 544 1903 4.
591 1838 908 1921 Magnam
937 1838 1207 1904 laudem
1237 1847 1308 1904 et
1348 1840 1520 1905 illud
1551 1840 1915 1921 collegium
1955 1841 2370 1906 tribunorum
2407 1840 2587 1920 tulit,

393 1940 604 2024 quod,
636 1960 788 2005 cum
815 1959 990 2005 unus
1023 1960 1113 2004 ex
1141 1961 1224 2005 eo
1268 1942 1350 2006 L.
1384 1942 1581 2006 Cotta
1609 1942 1853 2006 fiducia
1882 1948 2335 2007 sacrosanctae
2363 1947 2588 2024 potes-

392 2041 558 2106 tatis
589 2041 1036 2108 creditoribus
1067 2042 1210 2106 suis
1241 2044 1446 2108 nollet
1496 2045 1906 2123 satisfacere,
1957 2045 2275 2122 decrevit,
2319 2048 2340 2079 ‘
2364 2044 2428 2108 si
2472 2065 2586 2110 ne·-

393 2159 525 2224 que
573 2141 866 2206 solveret
883 2149 934 2180 ²¹
980 2145 1370 2226 pecuniam,
1418 2166 1642 2229 neque
1692 2147 1881 2210 daret
1923 2165 2077 2211 cum
2128 2166 2260 2230 quo
2309 2148 2584 2229 sponsio

391 2242 601 2318 fieret,
648 2262 722 2306 se
774 2243 1276 2325 appellantibus
1324 2265 1476 2310 eum
1524 2247 1977 2313 creditoribus
1998 2254 2053 2283 ²²
2098 2248 2359 2312 auxilio
2402 2247 2583 2312 futu-

389 2362 540 2408 rum
562 2342 601 2407 ε’
671 2344 971 2426 iniquum
1030 2352 1325 2424 ratum,²³
1399 2350 1813 2433 majestatem
1884 2349 2225 2432 publicam
2298 2350 2585 2432 privatas

1481 2508 1660 2529 m

372 2617 691 2677 favorabilem
711 2619 806 2668 imo
826 2620 1166 2670 destina—1¹7
1199 2620 1415 2670 Venett.
1434 2622 1512 2670 M.
1537 2621 1787 2685 Ρορίιᾶως
1818 2620 2036 2672 Mediol.
2056 2624 2105 2671 8.
2142 2634 2255 2670 cum
2279 2618 2587 2684 quibusdum

389 2682 774 2732 codd.Torren.
801 2684 859 2731 Ρ.
880 2684 1173 2749 Pompilius5
1207 2685 1294 2733 alii
1319 2685 1551 2796 (2¹¹⁸de
1584 2700 1700 2733 cum
1726 2685 1883 2735 Aldd.
1918 2684 2134 2735 Ascens.
2173 2684 2341 2734 Colin.
2382 2684 2585 2747 Gryph.

391 2754 448 2795 et
485 2746 668 2809 Stepb.
704 2748 779 2796 Μ.
803 2748 1068 2810 Pompilius
1079 2765 1100 2806 ,-
1133 2749 1290 2797 codd.
1352 2763 1440 2797 ere
1479 2750 1541 2798 P.
1569 2748 1817 2811 Popilius,-
1850 2756 1905 2799 et
1944 2751 2020 2799 sic
2054 2749 2107 2797 in
2130 2749 2385 2798 ven—18
2418 2747 2587 2798 Codd.

389 2810 777 2873 quatuordecim
799 2825 915 2860 cum
948 2812 1180 2861 omnibus
1217 2812 1338 2863 edd.
1371 2818 1493 2861 ante
1516 2813 1757 2875 Pighiurn
1794 2811 1993 2862 addunt
2016 2813 2268 2861 Rutilium.
2332 2813 2347 2839 ‘
2370 2812 2588 2860 Interea

388 2876 570 2922 mirum
595 2880 674 2923 est
695 2875 776 2924 bic
798 2888 975 2924 verum
996 2890 1180 2925 nomen
1203 2877 1395 2926 tribuni
1417 2878 1469 2924 in
1493 2876 1646 2926 codd.
1668 2877 1902 2938 retineri,
1922 2876 2060 2942 quod
2076 2889 2231 2939 supra
2249 2875 2404 2923 variis
2416 2874 2583 2925 modis

389 2945 695 3001 corruptum
719 2938 976 2988 vidimus!
1011 2940 1204 2989 Tmen.
1270 2941 1398 2989 Mox
1419 2941 1517 2988 loco
1540 2940 1691 2989 deest
1714 2941 1766 2989 in
1782 2941 2037 2990 Ἴθι-19
2069 2940 2325 2988 ‘Videtur
2358 2937 2417 2987 τὸ
2451 2938 2589 2987 exilii

391 3016 507 3050 esse
527 3016 593 3050 ex
616 3003 824 3065 Glossa,
851 3018 950 3052 nec
970 3004 1269 3067 agnoscitur
1291 3018 1324 3053 a
1346 3004 1448 3052 Mc.
1519 3004 1861 3053 Nihilominus
1882 3004 1969 3053 hic
2008 3004 2257 3064 abundat,
2288 3017 2403 3051 cum
2438 3002 2588 3051 addit

388 3068 601 3127 eandem,
635 3072 692 3116 et
716 3081 813 3130 per
833 3082 888 3115 se
912 3066 1256 3131 intelligitur?
1290 3068 1516 3117 Perizon.
1582 3070 1745 3117 Delet
1781 3065 1840 3116 τὸ
1874 3067 2013 3117 exilii
2052 3068 2207 3117 etiam
2245 3067 2404 3116 Barb.
2432 3067 2586 3129 prim.

389 3132 556 3178 ceteri
580 3137 790 3180 servant
811 3144 926 3180 cum
949 3132 1185 3181 omnibus
1206 3131 1325 3181 edd.
1388 3132 1404 3159 ‘
1425 3132 1568 3181 Cave
1591 3132 1776 3181 credas
1799 3133 1846 3180 h.
1866 3134 1905 3181 l.
1929 3130 2138 3181 defendi
2165 3145 2315 3194 posse
2338 3130 2589 3194 loquendi

388 3192 610 3242 formam
632 3209 662 3242 a
685 3194 874 3244 Vossio
895 3200 952 3243 et
974 3195 1086 3243 aliis
1109 3196 1423 3257 damnatam,
1453 3196 1581 3244 idem
1611 3212 1716 3245 cum
1747 3194 1868 3245 illo!
1907 3197 2122 3245 Torren.
2153 3210 2257 3244 cum
2278 3194 2358 3243 tuo
2392 3193 2589 3244 omittit

389 3255 588 3306 Medic.
614 3261 794 3307 1.-2o
825 3258 1074 3308 Similiter
1097 3273 1158 3309 ac
1183 3260 1236 3307 in
1260 3260 1412 3308 initio
1437 3261 1662 3322 exempli
1698 3260 1903 3309 variant
1936 3260 2019 3309 hic
2054 3274 2257 3324 quoque
2284 3260 2410 3307 Mss.
2478 3258 2586 3307 Sed

386 3321 523 3385 pleri
565 3336 628 3369 ue
645 3323 914 3383 omittunt,
945 3322 1054 3372 trib.
1087 3329 1142 3372 et
1163 3322 1277 3385 e'jus
1301 3324 1414 3373 loco
1435 3324 1629 3372 babent
1653 3338 1969 3387 praenomen,
1988 3324 2050 3373 P.
2077 3324 2156 3372 vel
2188 3324 2384 3372 lim—21
2412 3322 2585 3386 Vulgo

389 3386 522 3433 ante'
587 3385 780 3447 ighium
804 3385 1093 3449 legebatur,
1127 3389 1330 3436 decrevit
1351 3392 1424 3444 ut,
1456 3389 1499 3435 si
1519 3403 1665 3450 neque
1682 3390 1998 3451 avicenna.
2062 3388 2167 3436 Sed
2204 3392 2280 3447 ut,
2313 3385 2451 3450 qnod
2473 3400 2587 3435 sen·

391 3462 502 3497 snm
526 3450 724 3511 turbat,
758 3450 906 3499 abest
927 3448 992 3499 ab
1015 3450 1100 3500 ed.
1119 3452 1265 3513 Mog.
1289 3460 1344 3500 et
1363 3452 1491 3500 Mss.
1512 3458 1706 3515 praeter
1732 3452 2015 3502 Ham—22
2045 3450 2062 3479 ‘
2081 3451 2144 3500 Id
2180 3458 2281 3511 est,
2314 3449 2585 3499 creditori·

388 3510 507 3573 bus,
540 3512 629 3577 qui
652 3514 859 3562 Cottam
889 3512 956 3561 de
995 3515 1242 3563 solvenda
1279 3516 1503 3578 pecunia
1539 3517 1897 3565 admonerent.
1963 3515 2049 3564 Ita
2082 3515 2215 3564 enim
2250 3514 2447 3563 habent
2480 3520 2585 3564 tre·

389 3574 560 3624 decim
586 3577 715 3627 Mas.
737 3577 998 3636 Torrenii,
1038 3580 1182 3642 Mog.
1219 3586 1274 3627 et
1295 3580 1418 3629 Vet.
1456 3579 1594 3643 quod
1633 3580 1820 3628 merito
1856 3579 2139 3628 Torrenius
2178 3578 2426 3638 restituit,
2460 3592 2581 3626 cum

387 3640 544 3703 vulgo
568 3641 830 3703 legeretur
850 3642 1190 3705 appellantibus
1210 3657 1277 3705 se,
1310 3643 1344 3691 i.
1368 3658 1414 3691 e.
1450 3644 1698 3692 auxilium
1740 3643 2063 3692 tribunorum
2102 3642 2585 3705 implorantibus&—

388 3706 456 3751 23
486 3710 626 3753 ratus
659 3706 854 3770 aliquot
876 3706 1009 3756 Mes.
1041 3720 1158 3755 cum
1180 3707 1304 3756 Vet.
1369 3707 1565 3757 Eadem
1588 3722 1703 3757 cnm
1726 3707 1915 3772 Copes.
1937 3706 2096 3756 Barb.
2116 3712 2173 3756 et
2192 3707 2305 3756 Bit.
2328 3706 2479 3770 prim.
2518 3718 2581 3754 ac

1373 3867 1597 3919 NOTAE

391 4030 400 4037 ¹
446 3973 468 4017 ³
515 3974 728 4024 Rutilius
766 3974 972 4041 remisit]
1023 3975 1111 4027 Ab
1156 3975 1220 4025 iis
1262 3983 1448 4040 postea
1527 3992 1595 4026 ex
1619 3976 1847 4027 Tribuno
1867 3974 2045 4040 opifex
2082 3974 2247 4026 factus
2284 3981 2385 4039 est,
2422 3981 2479 4025 et
2514 3974 2583 4025 ad

388 4052 554 4101 multo
573 4052 803 4102 severius
826 4060 944 4102 acta
965 4053 1216 4114 Censura,
1249 4053 1450 4102 multis·
1525 4068 1687 4117 opera
1710 4054 1918 4117 publica
1938 4052 2170 4103 adbiberi
2190 4052 2371 4116 coepit.

389 4140 490 4188 que
511 4126 630 4189 equi
655 4126 868 4190 ademti,
889 4133 946 4177 et
966 4126 1199 4191 inprimis
1219 4126 1317 4191 ipsi
1340 4128 1446 4176 Ru·
1590 4135 1615 4182 i·
1643 4126 1739 4177 An.
1759 4128 1836 4177 M.
1858 4130 2005 4177 8886.
2040 4127 2123 4177 01.
2148 4131 2261 4179 152.
2279 4131 2329 4177 4.
2362 4126 2492 4179 Urb.
2517 4128 2580 4178 C.

387 4199 505 4248 tilio
524 4201 772 4263 Tribuno,
812 4202 901 4267 qui
939 4202 1080 4253 tribu
1101 4202 1256 4269 etiam
1277 4207 1446 4252 motus
1525 4206 1642 4253 584.
1676 4200 1801 4251 Ant.
1824 4200 1919 4251 Cb·
1940 4204 2051 4253 168.
