3144 4925
740 379 904 430 cAP.
936 378 1050 429 111.
1099 380 1196 427 ns
1245 378 1492 427 usne
1545 379 1791 429 mc'ms
1840 381 1992 430 Aur
2042 382 2325 431 meris.
2506 368 2637 433 685

433 523 708 588 fratrem
753 540 971 601 suum,
1026 522 1204 606 quod
1230 522 1589 604 vegetioris
1638 523 1887 604 ingenii
1944 530 2172 602 erat,¹'0
2222 525 2636 591 interfectum

437 619 1016 703 animadverteret,
1069 624 1298 688 obtusi
1346 644 1420 688 se
1467 625 1689 689 cordis
1706 625 1735 662 ά
1802 644 1955 689 esse
2008 626 2371 703 simulavit,
2416 646 2633 710 eaque

433 726 704 789 fallacia
730 726 1066 790 maximas
1092 726 1380 790 virtutes
1411 745 1570 790 suas
1600 727 1793 791 texit.
1854 726 2209 791 Profectus
2238 726 2443 791 etiam
2474 728 2635 791 Del-

431 825 606 908 phos
636 844 788 890 cum
809 824 1160 909 Tarquinii
1187 826 1373 903 filiis,
1417 846 1591 909 quos
1620 827 1682 891 is
1730 827 1819 891 ad
1850 828 2228 909 Apollinem
2245 836 2269 865 ⁹
2312 828 2629 911 Pythium

429 926 818 990 muneribus
883 926 1369 1010 sacrificiisque
1393 932 1440 967 ¹¹
1513 928 1975 993 honorandum
2028 929 2322 1005 miserat,
2386 944 2631 993 aurum

431 1023 584 1089 Deo
619 1028 887 1091 nomine
931 1027 1088 1092 doni
1117 1028 1294 1092 clam
1337 1032 1581 1093 cavato
1609 1028 1854 1093 baculo
1882 1030 2212 1095 inclusum
2236 1028 2426 1094 tulit:
2470 1030 2633 1112 quia

429 1126 712 1191 timebat
755 1148 839 1190 ne
889 1127 1020 1192 sibi
1062 1130 1340 1193 coeleste
1380 1145 1631 1192 numen
1680 1135 1920 1211 aperta
1967 1129 2375 1195 liberalitate
2400 1137 2451 1169 ¹²
2517 1150 2630 1194 ve-

429 1230 642 1291 nerari
687 1232 902 1293 tutum
951 1248 1082 1293 non
1125 1234 1322 1293 esset.
1409 1230 1713 1294 Peractis
1753 1230 1993 1295 deinde
2034 1230 2365 1296 mandatis
2395 1234 2628 1315 patrie,

425 1328 820 1410 Apollinem
839 1329 1132 1412 juvenes
1153 1330 1650 1409 consuluerunt,
1681 1338 1702 1367 ‘·
1722 1330 2030 1413 quisnam
2062 1350 2152 1395 ex
2179 1332 2354 1414 ipsis
2386 1332 2627 1399 Romae

426 1436 822 1512 regnaturus
866 1430 1246 1497 videretur:
1334 1429 1428 1496 At
1457 1432 1542 1509 is,
1597 1436 1619 1467 ‘
1636 1451 1843 1515 penes
1888 1451 2040 1496 eum
2084 1452 2413 1499 summam
2442 1436 2629 1499 urbis

427 1536 677 1595 nostrae
729 1536 1132 1613 potestatem
1187 1530 1513 1609 futuram,'
1566 1532 1936 1615 respondit,
2002 1537 2023 1567 ‘
2044 1535 2158 1616 qui
2204 1538 2361 1599 ante
2392 1552 2627 1603 omnes

426 1631 627 1694 matri
676 1631 982 1695 osculum
1004 1628 1028 1667 f
1075 1631 1417 1698 dedisset.'
1501 1632 1694 1698 Tunc
1724 1634 2001 1711 Brome,
2027 1633 2297 1717 perinde
2354 1639 2553 1717 atque
2574 1640 2619 1681 ¹²

426 1748 594 1794 casu
625 1731 1001 1814 prolapsus,
1054 1731 1140 1795 de
1180 1731 1506 1797 industria
1557 1752 1632 1797 se
1678 1732 1944 1817 abjecit,
1985 1742 2387 1817 terramque,
2443 1754 2625 1799 com-

425 1848 694 1894 munem
722 1831 1017 1895 omnium
1047 1840 1319 1896 matrem
1351 1834 1779 1911 existimans,
1808 1838 2159 1901 osculatus
2190 1840 2345 1898 esta*
2420 1834 2625 1913 Quod

425 1938 566 1999 tam
627 1934 804 1998 vafre
859 1932 1085 1996 telluri
1132 1934 1533 2015 impressum
1588 1935 1917 2013 osculum,
1992 1934 2161 2000 Urbi
2220 1934 2623 2014 libertatem,

425 2032 640 2098 Bruto
668 2034 960 2115 primum
983 2034 1052 2096 in
1081 2033 1285 2097 fastis
1307 2039 1361 2081 ¹4
1401 2036 1625 2100 locum
1654 2037 1899 2100 tribuit.
2606 2089 2614 2098 .

488 2132 550 2197 3.
583 2133 818 2217 Scipio
839 2154 1106 2218 quoque
1128 2136 1433 2219 superior
1453 2138 1841 2219 praesidium
1862 2138 2246 2203 calliditatis
2263 2140 2622 2222 amplexus

425 2241 604 2299 est.¹⁵
673 2236 783 2299 Ex
815 2236 1052 2300 Sicilia
1073 2238 1249 2301 enim
1279 2244 1520 2320 petens
1550 2235 1881 2317 Africam,
1928 2260 2082 2304 cum
2127 2259 2217 2304 ex
2242 2240 2622 2305 fortissimis

423 2336 766 2419 peditibus
823 2336 1156 2402 Romanis
1205 2346 1653 2404 trecentorum
1697 2341 1998 2423 equitum
2044 2359 2391 2405 numerum
2440 2361 2622 2405 com-

422 2438 613 2522 plere
642 2439 865 2518 vellet,
909 2459 1120 2524 neque
1163 2446 1300 2504 tam
1345 2440 1572 2506 subito
1618 2445 1854 2525 posset
1901 2460 2018 2505 eos
2046 2441 2393 2520 instruere,
2436 2442 2621 2526 quod

421 2541 745 2622 temporis
791 2543 1113 2623 angustiae
1155 2543 1513 2624 negabant,
1563 2542 1935 2624 sagacitate
1964 2542 2227 2606 consilii
2270 2549 2620 2608 assecutus

427 2645 552 2706 est.
641 2642 958 2726 Namque
989 2643 1192 2708 exiis
1246 2649 1264 2678 ‘
1281 2645 1668 2728 juvenibus„
1724 2663 1895 2727 quos
1949 2661 2180 2706 secum
2222 2661 2312 2705 ex
2340 2649 2483 2710 tota
2512 2644 2619 2708 Si-

1342 2813 1704 2834 eeeueeeme

421 2915 551 2960 -10
582 2910 729 2959 Leid.
751 2915 801 2960 5.
823 2912 903 2974 qui
922 2912 1026 2961 mi.
1051 2913 1228 2971 fuerat.
1296 2909 1506 2959 Deinde
1539 2911 1731 2974 Copes.
1769 2911 2067 2968 adverterem
2102 2916 2158 2958 et
2196 2909 2348 2972 paulo
2387 2915 2508 2972 post
2540 2909 2617 2959 ob·

421 2975 548 3022 tunsi
570 2975 622 3022 in
655 2975 923 3024 Dum—ll
959 2976 1207 3039 Plerique
1244 2975 1396 3024 codd.
1434 2976 1649 3024 Torren.
1693 2979 1740 3022 et
1778 2973 2045 3036 sacrificiis.
2114 2973 2243 3021 Mox
2280 2974 2469 3036 Copes.
2502 2974 2619 3022 doni

420 3039 639 3095 narnium,-
673 3037 863 3100 Ultraj.
886 3043 935 3087 2.
957 3039 1070 3087 doni
1089 3055 1247 3099 causa,
1279 3040 1453 3087 deleto
1474 3038 1660 3086 nomine
1700 3045 1757 3086 et
1789 3038 2059 3085 «παπ-12
2096 3037 2285 3099 Copes.
2315 3037 2618 3086 libertate.—

421 3105 483 3151 13
518 3101 705 3165 Ultraj.
721 3107 770 3150 2.
783 3101 983 3164 perinde
1003 3118 1062 3152 ac
1074 3103 1267 3151 ,σὴ-14
1288 3103 1449 3150 Bruto
1461 3101 1733 3164 proximum
1754 3101 1805 3150 in
1824 3101 1980 3161 fastis
2001 3101 2315 3164 Copes.—l5
2352 3101 2413 3148 In
2433 3101 2617 3151 eodem

1412 3246 1462 3296 N
1469 3245 1627 3296 01·AE

484 3357 508 3390 ἆ
531 3359 703 3408 Obtusa·
721 3373 773 3408 se
787 3358 964 3422 cordis]
996 3358 1076 3406 Ex
1093 3358 1347 3408 industria
1368 3355 1477 3408 fac·
1557 3355 1769 3406 mittere
1805 3370 1974 3420 ausus,
2010 3357 2139 3406 duos
2176 3355 2308 3406 filios
2345 3355 2520 3406 Titum
2559 3363 2616 3407 et

419 3438 503 3482 tus
526 3435 590 3482 ad
612 3433 954 3484 imitationem
989 3435 1248 3497 stultitiae,
1277 3449 1400 3482 eum
1421 3449 1477 3482 se
1555 3433 1814 3484 Aruntem
1830 3433 1989 3482 misit.

418 3523 612 3576 suaque
653 3511 786 3574 Regi
827 3511 1024 3574 praedae
1079 3525 1195 3560 esse
1243 3511 1474 3572 sineret3
1620 3501 1811 3558 ‘Matri
1828 3509 2058 3572 osculum]
2108 3507 2391 3573 Tarquinii,
2409 3515 2470 3558 ut
2488 3510 2615 3560 Sex·
2668 3553 2673 3557 .

418 3585 573 3634 Bruti
587 3599 798 3650 quoque
818 3586 952 3636 haud
977 3586 1156 3635 abnuit
1173 3600 1474 3648 cognomen.
1553 3591 1659 3648 tus,
1686 3585 1780 3650 qui
1806 3585 1989 3634 Romae
2012 3584 2225 3634 relictus
2257 3584 2451 3646 fuerat,
2468 3585 2613 3646 igns-

481 3667 506 3693 θ
524 3659 606 3710 Aa
625 3661 918 3725 Quidnam]
968 3661 1281 3712 Portentum
1322 3662 1476 3710 terri·
1553 3673 1642 3710 rus
1661 3660 1916 3723 responsi,
1930 3672 2219 3722 expersque
2236 3658 2438 3721 imperii
2456 3665 2615 3719 esset,

416 3734 525 3786 bile
553 3737 718 3785 visum
751 3737 806 3784 in
843 3737 1018 3798 regia3
1065 3735 1245 3798 anguis
1285 3749 1351 3784 ex
1388 3751 1473 3785 co·
1552 3749 1662 3784 rem
1686 3749 1885 3784 summu
1920 3747 2021 3797 ope
2047 3733 2210 3782 taceri
2241 3733 2456 3795 jubent3
2510 3732 2612 3795 ipsi

414 3811 592 3859 lumna
626 3809 799 3873 lignea
826 3810 1034 3874 elapsus
1070 3824 1187 3858 cum
1227 3816 1475 3858 terrorem
1554 3809 1691 3858 inter
1724 3824 1799 3874 se,
1819 3816 1935 3858 uter
1967 3809 2125 3872 prior,
2146 3823 2264 3857 cum
2287 3809 2500 3856 Romam
2531 3822 2611 3857 re·

418 3893 472 3934 et
502 3883 674 3948 fugam
714 3882 929 3935 fecisset
966 3885 1020 3933 in
1057 3884 1272 3946 regia-m,
1312 3884 1474 3947 ipsius
1555 3885 1792 3941 diissent‚
1828 3885 1981 3933 matri
2018 3883 2247 3933 osculum
2278 3881 2451 3946 daret,
2482 3883 2611 3932 sorti

415 3959 574 4022 Regis
595 3973 698 4008 non
723 3966 830 4008 tam
866 3959 1036 4009 subito
1069 3973 1265 4022 pavore
1287 3973 1474 4021 percu·
1554 3957 1882 4021 permittunt.
1953 3958 2043 4006 Ita
2061 3957 2255 4005 Livius.

413 4033 476 4082 lit
497 4040 702 4097 pectus,
739 4049 892 4098 quam
931 4034 1094 4084 anxiis
1127 4033 1364 4096 implevit
1384 4047 1471 4081 cu·
1570 4036 1576 4040 “
1618 4041 1642 4088 †
1664 4032 1764 4083 An.
1796 4034 1872 4083 M.
1890 4036 2039 4082 3535.
2078 4031 2165 4083 01.
2186 4036 2271 4082 65.
2292 4035 2343 4082 2.
2378 4029 2510 4084 Urb.
2546 4031 2606 4083 C.

415 4109 521 4157 ris:
555 4124 718 4174 quare
755 4110 996 4174 Delphos
1015 4109 1226 4160 mittere
1255 4105 1438 4158 statuit
1455 4123 1473 4168 ς
1549 4111 1665 4160 234.
1686 4107 1811 4160 Ant.
1831 4107 1925 4158 Ch.
1945 4110 2059 4156 518.

414 4193 580 4246 neque
605 4197 860 4246 responsa
879 4183 1092 4234 sortium
1113 4183 1206 4234 ulli
1226 4181 1312 4232 alii
1333 4195 1470 4233 com-
