3144 4925
542 351 675 418 '734

549 510 724 577 sibi⁷
770 507 1199 593 conjunctum
1228 509 1461 588 filium,
1491 511 1664 574 fiens
1688 511 2156 576 commendare
2187 513 2436 595 coepit:
2461 521 2488 560 ⁸
2530 523 2744 596 eoque

548 613 733 679 facto
760 612 1065 694 mitigata
1111 613 1458 690 concione,
1512 614 1630 695 qui
1677 614 1968 678 omnium
2018 633 2352 678 consensu
2407 615 2747 696 periturus

552 721 718 791 erat,
766 733 961 797 paene
991 714 1245 780 nullum
1277 714 1461 779 triste
1491 713 1880 796 suffragium
1928 713 2180 778 habuit.
2269 715 2748 780 Misericordia

550 836 709 898 ergo
728 816 753 854 ⁸
798 817 985 881 illam
1017 816 1484 898 quaestionem,
1506 835 1638 879 non
1669 817 1953 898 aequitas
1983 817 2192 880 rexit:
2244 819 2560 899 quoniam
2587 837 2747 899 quae

548 918 943 982 innocentiae
976 917 1177 982 tribui
1214 918 1564 1003 nequierat
1613 917 1976 994 absolutio,
2014 919 2346 1000 respectui
2376 937 2735 1001 puerorum
2769 926 2780 930 “

551 1019 715 1084 data
741 1025 894 1085 est.†

634 1122 698 1186 3.
745 1119 1271 1184 Consentaneum
1292 1129 1320 1170 ⁹
1362 1119 1549 1203 quod
1578 1119 1905 1201 sequitur.
1981 1117 2066 1182 A.
2099 1119 2427 1198 Gabinius
2457 1121 2530 1184 in
2559 1141 2749 1186 max-

549 1224 687 1286 imo
742 1220 1040 1285 infamiae
1089 1241 1231 1285 suae
1289 1217 1572 1284 ardoreh
1617 1219 1951 1302 suffragiis
2009 1221 2264 1304 populi,
2313 1218 2392 1284 C.
2424 1219 2752 1288 Memmio

552 1329 971 1400 accusatore,
1002 1323 1365 1407 subjectuS,
1396 1324 1700 1404 abruptae
1748 1341 1898 1385 esse
1935 1322 2084 1405 spei
2115 1321 2463 1386 videbatur
2486 1323 2542 1388 τ’
2587 1343 2754 1406 quo-

550 1425 731 1494 niam
760 1431 830 1488 et
875 1427 1225 1490 accusatio
1272 1430 1499 1508 partes
1546 1442 1709 1487 suas
1756 1423 1955 1506 plene
2001 1423 2383 1500 eaihibebat,
2415 1431 2486 1488 et
2525 1423 2752 1488 defen·

550 1525 762 1589 sionis
803 1526 1127 1607 praesidia
1170 1526 1477 1591 invalida
1524 1525 1656 1589 fide
1701 1525 2072 1590 nitebantur
2091 1533 2168 1606 3¹⁰
2211 1531 2283 1587 et
2329 1525 2443 1607 qui
2487 1524 2753 1608 judica-

551 1626 738 1703 bant,
784 1625 885 1689 ira
940 1628 1305 1711 praecipiti,
1351 1645 1620 1710 poenam
1678 1626 1968 1690 hominis
2025 1625 2270 1709 cupide
2317 1626 2752 1709 expetebant.

552 1725 761 1808 Igitur
802 1726 1004 1793 lictor
1044 1734 1109 1793 et
1145 1725 1369 1797 carcer
1388 1732 1435 1764 ¹¹
1488 1735 1644 1792 ante
1693 1728 1932 1792 oculos
1983 1728 2549 1808 obversabantur3
2579 1746 2751 1792 -cum

1122 367 1437 416 VALERII
1488 365 1782 416 MAXIMI
1833 367 1976 417 MR.
2024 369 2184 417 VIII.

618 1923 650 1969 ⁶3
662 1939 720 1986 N
717 1939 861 1988 ullam
863 1938 977 1999 fere
996 1954 1125 2001 spem
1140 1941 1307 1990 salutis
1322 1940 1537 1992 habebat.

1476 2082 1834 2104 ‘Ommb

555 2190 584 2234 7
621 2184 945 2236 omittebant
964 2187 1058 2235 sibi
1080 2187 1199 2236 edd.
1223 2188 1409 2252 Pighio
1432 2190 1778 2254 antiquior-eng
1813 2191 1905 2240 sed
1928 2190 2122 2242 habent
2146 2205 2325 2242 omnes
2347 2189 2462 2240 fere
2485 2189 2753 2255 scripti.—

556 2253 587 2297 8
623 2250 745 2299 Vet.
776 2264 901 2299 vero.
968 2252 1098 2300 Mox
1138 2267 1234 2316 pro
1273 2253 1420 2310 rexit,
1452 2254 1591 2318 quod
1631 2261 1891 2305 testantur
1929 2256 2113 2306 Leidd.
2153 2263 2280 2316 tres,
2314 2256 2504 2319 Ultraj.
2540 2261 2585 2306 1.
2614 2261 2664 2305 2.
2699 2262 2756 2306 et

556 2312 773 2362 Grotius
795 2312 861 2362 de
883 2314 999 2366 Jur.
1017 2314 1132 2364 Bel.
1156 2322 1211 2364 et
1235 2316 1359 2366 Pac.
1382 2329 1474 2366 ιιι.
1496 2323 1578 2367 19.
1600 2323 1679 2369 13.
1706 2321 1888 2385 reliqui
1912 2321 2108 2371 habent
2129 2321 2272 2370 texit.
2327 2320 2534 2370 Deinde
2556 2319 2752 2370 Medic.

555 2381 603 2427 2.
624 2384 870 2440 respectu.-
900 2380 1120 2428 Venett.
1150 2379 1365 2442 priorum
1394 2396 1658 2444 puerorum,
1695 2384 1951 2446 probante
1977 2386 2195 2446 Coler03
2229 2385 2320 2434 sed
2347 2391 2568 2436 renuunt
2599 2383 2757 2435 codd.

557 2447 612 2490 et
634 2443 843 2504 merito,
875 2442 1046 2506 inquit
1066 2445 1383 2495 Turrem—9
1418 2447 1792 2498 Consentaneum
1823 2454 1896 2499 est
1932 2449 2146 2513 Pighius
2179 2455 2363 2499 contra
2395 2464 2571 2499 omnes
2603 2449 2756 2499 codd.

448 2556 452 2559 .
555 2514 612 2555 et
636 2508 859 2571 reliquas
893 2508 1145 2557 e‹ld.-10
1178 2509 1331 2559 Leid.
1367 2515 1417 2560 6.
1450 2511 1676 2561 invalida
1699 2513 1820 2578 fidei
1851 2514 2147 2564 videbantur.
2211 2514 2340 2563 Mox
2375 2515 2392 2543 ‘
2417 2513 2587 2575 Paris.
2629 2520 2752 2591 tert.

556 2577 611 2620 et
634 2578 805 2635 quart.
828 2573 990 2621 Barb.
1016 2572 1163 2635 prim.
1188 2573 1335 2622 Leid.
1361 2576 1508 2639 prim.
1532 2582 1590 2625 et
1625 2592 1729 2626 sec.
1752 2592 1871 2626 cum
1898 2576 2054 2627 Aldd.
2093 2579 2169 2627 ira
2196 2578 2404 2641 perciti,·
2435 2579 2620 2640 Copes.
2661 2579 2753 2627 bl-

559 2636 677 2699 traj.
718 2650 825 2686 sec.
868 2636 1017 2686 Harl.
1054 2637 1129 2686 ira
1166 2638 1372 2699 partiti,·
1406 2640 1591 2705 reliqui
1625 2641 1705 2689 ira
1733 2643 2002 2705 praecipiti,·
2035 2648 2093 2691 nt
2124 2642 2275 2691 dedit
2304 2644 2458 2692 etiam
2485 2642 2676 2694 Ascen.
2698 2649 2759 2691 et

556 2696 775 2750 Mediol.
813 2701 1066 2765 Equidem
1088 2702 1171 2750 hic
1200 2702 1442 2765 praecipiti
1470 2705 1814 2766 praetulerim:
1847 2720 2058 2769 proeceps
2094 2706 2168 2755 ira
2204 2714 2306 2765 est,
2343 2722 2460 2771 quae
2485 2721 2574 2756 eos
2597 2721 2759 2756 causa

553 2764 783 2813 nondum
811 2765 961 2828 plane
988 2765 1199 2828 cognita
1220 2766 1525 2830 impellebat
1548 2772 1612 2818 ad
1633 2772 1937 2833 expetendam
1954 2772 2118 2834 cupide
2135 2770 2334 2820 homnis
2353 2786 2553 2833 poenam.
2571 2776 2760 2833 expete-

557 2826 671 2877 bant
710 2828 904 2878 habent
942 2830 1145 2893 scripti,
1174 2844 1274 2878 non
1312 2832 1638 2893 expectabant,
1682 2834 1818 2897 quod
1861 2834 1993 2882 bene
2036 2835 2200 2896 igitur
2242 2834 2459 2899 Pighius
2496 2833 2756 2884 mutavit!

562 2892 888 2942 Turrem—11
925 2894 1090 2955 Igitur
1127 2895 1283 2943 viator
1320 2900 1367 2945 et
1404 2911 1564 2945 carcer
1598 2894 1732 2945 Dan.
1765 2898 2018 2961 probante
2041 2899 2261 2959 Celei-03
2297 2907 2354 2950 et
2383 2901 2458 2949 sic
2493 2900 2614 2948 Par.
2635 2902 2755 2949 ΒΑ.

556 2954 728 3007 Bitur.
753 2960 801 3007 1.
834 2957 978 3007 Leid.
997 2963 1046 3008 5.
1080 2965 1135 3007 et
1157 2958 1351 3023 Ultraj.
1376 2963 1421 3008 1.
1444 2964 1495 3011 2.
1559 2961 1726 3010 Dictor-
1753 2962 1909 3023 igitur
1932 2962 1986 3010 in
2009 2963 2333 3028 quibusdam.
2400 2964 2530 3013 Mox
2563 2964 2760 3029 aliquot

1550 3106 1763 3157 NOTAE

626 3219 651 3253 ε
676 3214 1010 3266 commendare
1030 3218 1195 3282 coepit]
1234 3220 1489 3281 Populum
1513 3220 1619 3268 Ro·

558 3300 763 3338 manum
784 3295 1009 3339 tutorem
1048 3294 1217 3355 palam
1239 3295 1485 3357 instituit,
1510 3302 1619 3344 tum

562 3362 720 3423 Galli,
737 3369 845 3411 tum
862 3378 1067 3413 suornm
1085 3366 1364 3417 liberorum
1384 3368 1618 3432 orbitati,
1634 3393 1642 3399 ·

559 3450 624 3487 ex
648 3438 971 3490 Quintiliano
992 3440 1083 3489 lib.
1107 3455 1171 3492 11.
1196 3457 1242 3492 c.
1268 3448 1349 3494 16.

625 3512 777 3565 ΙΙἈιι.
800 3516 877 3565 M.
898 3519 1045 3567 39⁰5.
1078 3517 1167 3569 01.
1190 3523 1303 3569 157.
1325 3523 1375 3569 4.
1407 3520 1538 3571 Urb.
1555 3521 1618 3571 G.

559 3592 675 3639 604.
710 3588 819 3639 Ant
842 3590 937 3640 Ch.
957 3596 1069 3642 148.

626 3663 650 3699 ¹¹
672 3664 893 3725 Infamiae
909 3682 1009 3717 suoe
1028 3669 1219 3735 ardore]
1248 3671 1341 3721 Bis
1365 3671 1462 3721 boc
1482 3687 1618 3724 anno

558 3748 835 3791 accusatus
874 3750 957 3793 est
992 3744 1263 3810 Gabinius,
1302 3752 1361 3797 ut
1377 3748 1616 3799 -diximus

560 3816 651 3865 lib:
674 3830 751 3867 lv.
776 3832 822 3866 c.
844 3822 894 3869 2.
916 3834 970 3869 n.
997 3824 1045 3869 4.
1069 3821 1288 3884 primum
1326 3824 1617 3887 majestatis

563 3906 595 3940 a
616 3892 864 3943 Memmio
904 3895 1041 3958 apud
1083 3894 1273 3947 Alfium
1312 3898 1622 3964 Praetorem,

562 3968 701 4032 quod
756 3969 1099 4021 Ptolemaeum
1154 3979 1333 4036 spreta
1369 3975 1622 4037 religione

562 4042 856 4095 reduxisset
877 4060 993 4095 cum
1030 4049 1296 4110 exercitu3
1330 4048 1518 4099 iterum
1540 4064 1636 4102 re·-

566 4118 907 4179 petundarum
956 4122 1382 4185 apudxCatonem
1417 4126 1622 4177 Praeto-

566 4204 708 4241 rem:
760 4193 813 4241 in
850 4195 1015 4257 primo
1042 4198 1245 4260 judicio
1286 4201 1337 4249 in
1382 4202 1622 4266 Pompeii

1700 3220 1918 3285 gratiam
1939 3222 2206 3271 absolutus
2218 3228 2331 3282 est;
2364 3220 2418 3269 in
2438 3222 2605 3271 altero
2619 3222 2765 3273 dam-

1701 3304 1887 3348 natus:
1936 3298 2001 3346 de
2049 3298 2211 3361 primo
2253 3299 2339 3346 hic
2386 3298 2570 3360 agitur.
2637 3300 2763 3351 Hoc

1693 3370 2232 3435 judicium-describit
2269 3374 2458 3423 Cicero
2498 3374 2666 3438 Epist.
2689 3376 2760 3427 ad

1704 3447 1770 3497 Q.
1796 3447 2032 3497 Fratrem
2070 3449 2160 3499 lib.
2197 3463 2284 3499 ιιι.
2350 3452 2365 3479 ‘
2387 3450 2613 3503 Omnino
2633 3452 2764 3501 nihil

1703 3530 2003 3574 accusatore
2037 3526 2260 3574 Lentulo
2298 3526 2764 3589 subscriptoribus-

1703 3612 1805 3662 que
1835 3599 1946 3661 ejus
1966 3598 2246 3649 infantins:
2281 3601 2409 3648 nihil
2431 3601 2519 3650 illo
2542 3601 2761 3652 consilio

1704 3672 1962 3723 sordidius
1983 3689 1998 3723 ε
2051 3676 2141 3723 sed
2164 3682 2337 3724 tamen
2361 3675 2459 3724 nisi
2477 3675 2759 3725 incredibi-

1703 3748 1767 3797 lis
1789 3750 2072 3812 contentio,
2113 3756 2170 3799 et
2206 3765 2388 3813 preces
2426 3750 2762 3814 Pompeii,et

1703 3822 1996 3873 Dictaturae
2052 3825 2209 3873 etiam
2254 3840 2429 3875 rumor
2468 3826 2653 3889 plenus
2701 3828 2766 3875 ti-

1700 3911 1842 3945 more
1875 3896 2079 3960 fnisset,
2127 3901 2227 3963 ipsi
2268 3902 2495 3951 Lentulo
2532 3916 2634 3951 non
2679 3917 2762 3952 re-

1698 3971 1998 4034 sponderet.
2059 3974 2163 4025 Sed
2209 3974 2375 4038 vides,
2412 3977 2603 4025 nullam
2647 3989 2762 4026 esse

1701 4049 2116 4117 Rempublicam,
2139 4052 2335 4103 nullum
2356 4054 2626 4118 Senatum,
2648 4056 2764 4104 nul·

1700 4128 1752 4179 la
1761 4129 1999 4191 judicia!
