3144 4925
613 373 744 438 564

612 539 727 600 um
771 533 1057 598 hostium
1102 549 1354 614 agmen,
1397 531 1635 614 patriae
1684 515 1994 609 salutem,
2040 532 2173 594 sibi
2220 517 2499 596 mortem
2550 539 2809 615 potensi,

614 635 892 718 irrupit:
936 634 1254 715 factaque
1283 633 1535 715 ingenti
1563 640 1807 713 strage,
1841 633 2143 715 plurimis
2176 633 2328 697 telis
2348 635 2659 712 obrutuS,
2693 645 2809 698 sui·

613 755 732 820 per
760 735 1032 800 corruit.
1120 729 1228 798 Ex
1250 734 1451 818 -cujus
1476 735 1857 798 vulneribus
1881 742 1950 797 et
1970 736 2286 817 sanguine
2308 737 2648 820 insperata
2663 738 2805 800 vica

612 838 782 901 toria
807 837 1125 900 emersit*
1658 843 1665 850 ’

675 939 761 1004 ’6.
809 934 1102 1001 Unicum
1133 937 1286 1002 talis
1319 938 1739 1021 imperatoris
1756 945 1809 984 ²⁵
1855 939 2195 1021 specimen
2220 943 2419 1016 esset,
2442 941 2619 1004 nisi⁶
2664 942 2809 1004 ani-

613 1061 724 1104 mo
785 1057 909 1103 suo
969 1039 1480 1121 respondentem
1537 1035 1749 1104 filium
1811 1041 2169 1122 genuisset.
2258 1040 2331 1102 Is
2388 1057 2679 1124 namque
2740 1043 2808 1104 in

616 1147 852 1224 quarto
895 1143 1247 1206 consulatu
1290 1143 1506 1224 patris
1547 1141 1927 1224 exemplum
1972 1145 2268 1216 secutus,
2314 1141 2675 1206 devotione
2714 1139 2809 1206 si—

613 1239 799 1320 mili,⁴
844 1257 1038 1325 aeque
1084 1249 1354 1306 strenua
1399 1259 1643 1324 pugna,
1690 1247 2140 1305 consentaneo
2192 1241 2379 1304 exitu
2425 1241 2810 1306 labantes²⁶

613 1344 1044 1426 perditasque
1074 1345 1250 1408 vires
1281 1344 1485 1408 Urbis
1514 1351 1761 1408 nostrae
1790 1341 2142 1407 correxiw
2228 1341 2475 1424 Itaque
2501 1342 2809 1424 dignosoi

615 1443 896 1508 arduum
928 1451 1056 1522 est,
1087 1451 1303 1511 utrum
1335 1445 1650 1510 Romana
1680 1447 1919 1510 civitas
1963 1445 2191 1506 utilius
2220 1443 2525 1508 habuerit·
2554 1443 2811 1509 Decios

613 1542 842 1623 duceS,
861 1551 916 1594 ²⁷
961 1565 1043 1610 an
1090 1546 1421 1612 amiserit:
1484 1548 1802 1631 quoniam
1848 1546 1989 1609 vita
2028 1563 2267 1608 eorum
2310 1564 2397 1609 ne
2438 1547 2811 1610 vinceretur

613 1648 878 1712 obstitit
902 1669 919 1728 ;
961 1667 1140 1711 mors
1163 1648 1352 1726 fecit,
1383 1655 1455 1712 u't
1481 1651 1801 1711 vinceret.

695 1751 760 1812 7.
809 1747 970 1812 Non
1000 1755 1106 1811 est
1135 1751 1470 1813 extinctus
1495 1766 1619 1831 pro
1652 1747 1998 1828 republica
2027 1745 2331 1828 superior
2361 1746 2595 1830 Scipio
2626 1747 2809 1814 Afri-

613 1867 856 1914 canus:
919 1849 1041 1913 sed
1093 1849 1468 1913 admirabili
1515 1850 1772 1925 virtute,
1828 1867 1913 1912 ne
1958 1848 2349 1930 respublica
2392 1851 2810 1930 extinguere-

599 1956 737 2025 tur,
769 1949 1080 2032 providit.
1171 1950 1515 2031 Siquidem
1560 1970 1711 2013 cum
1758 1949 2006 2014 afflicta
2050 1947 2394 2013 Cannensi
2424 1950 2619 2014 clade
2648 1954 2806 2016 urbs

599 2056 840 2114 nostra
865 2049 1029 2112 nihil
1059 2050 1241 2113 aliud
1287 2067 1489 2132 quam
1534 2051 1772 2134 praeda
1798 2049 2073 2133 victori-s
2118 2069 2272 2113 esse
2292 2049 2346 2089 ²⁸
2396 2051 2807 2117 Hannibalis

610 2152 976 2216 videretur:
1023 2151 1319 2234 ideoque
1345 2149 1677 2234 reliquiaej
1702 2151 2016 2237 prostrati
2041 2152 2403 2231 exercitus,
2423 2152 2804 2218 deserendae

1205 371 1518 444 vsnnnu
1568 387 1858 436 maxim
1914 389 2059 438 ms.
2112 391 2177 435 v,

610 2450 651 2513 ξ
671 2385 700 2418 ‘⁸
735 2385 1018 2452 Exemplum
1048 2387 1223 2438 ancoris
1250 2389 1300 2438 in
1328 2389 1536 2452 patriam
1567 2391 1755 2439 anienem
1788 2394 1907 2438 essee
1938 2388 1999 2438 ab
2028 2388 2113 2438 mo
2134 2389 2434 2453 -Impentore
2464 2387 2659 2450 edium,
2691 2387 2806 2454 nisi.

651 2465 692 2500 c.

1523 2561 1889 2584 ΜΟ

611 2670 703 2720 sed
725 2670 870 2723 Harl.
899 2680 954 2723 et
977 2674 1124 2723 Leid.
1170 2679 1218 2723 1.
1257 2674 1701 2739 delentjam.—25
1734 2678 1840 2728 Sex
1873 2679 2026 2729 codd.
2055 2680 2274 2730 Torren.
2306 2682 2420 2731 talis
2450 2682 2673 2745 imperii:
2710 2697 2804 2745 pro

606 2736 854 2798 specimen,
877 2738 1012 2801 quod
1037 2752 1210 2787 omnes
1243 2740 1339 2788 'alii
1381 2741 1535 2789 codd.
1552 2748 1833 2805 testantur,
1864 2742 2105 2793 sambuci
2131 2744 2284 2794 codd.
2306 2746 2518 2796 exhibet
2535 2754 2771 2796 uelamen
2790 2764 2809 2803 ,-

609 2800 747 2849 unde
771 2803 977 2861 Lipsius
1001 2804 1138 2865 conj.
1164 2810 1577 2865 spectantem-26
1611 2806 1920 2858 Quindecim
1956 2808 2109 2858 codd.
2148 2808 2364 2859 Torren.
2406 2826 2521 2861 cum
2560 2812 2710 2861 vett.
2748 2820 2806 2859 et

608 2864 787 2926 Mogg.
805 2866 1154 2916 labantem—2⁷
1193 2869 1275 2917 lta
1293 2870 1445 2929 Pigh.
1469 2884 1535 2917 ex
1557 2870 1713 2920 codd.
1746 2872 1923 2934 itaque
1946 2872 2108 2935 major
2127 2886 2245 2934 pars
2271 2874 2421 2923 codd.
2443 2876 2655 2924 Torren.
2686 2884 2804 2923 curn

608 2928 754 2976 Vett.
775 2930 952 2992 Mogg.
974 2930 1190 2979 Venctt.
1215 2939 1269 2979 et
1286 2932 1504 2981 Mediol.
1526 2935 1665 2982 duces
1686 2934 1935 2984 omittunt
1956 2934 2115 2985 Aldd.
2140 2937 2305 2987 Colin.
2327 2938 2530 3002 Gryph.
2555 2946 2609 2988 et
2628 2940 2807 3001 steph.

609 3004 724 3039 cum
749 2994 1002 3042 nonnullis
1021 2994 1173 3043 codd.
1207 2996 1292 3043 alii
1327 2996 1477 3046 codd.
1498 3001 1747 3048 omittunt
1769 2999 1974 3048 Decios.-
2009 3001 2239 3049 nonnulli
2262 3000 2479 3052 Torren.
2499 3002 2598 3052 hoc
2622 3004 2805 3051 ordin-e

607 3056 885 3106 exhibent:
924 3058 988 3107 R.
1021 3059 1196 3108 civitas
1215 3060 1389 3109 Decios
1409 3076 1456 3109 ιι.
1478 3062 1528 3110 h.
1549 3063 1843 3112 ‹lucca—28
1876 3065 2075 3115 Vocem
2094 3080 2193 3115 esse
2216 3066 2395 3117 delent
2415 3068 2625 3131 pauculi
2646 3066 2801 3117 codd.

1600 3201 1813 3253 NOTAE.

677 3322 707 3353 ¹⁵
740 3323 841 3373 A'n.
874 3324 949 3375 Μ.
988 3327 1134 3377 sna.
1170 3327 1260 3379 Ol.
1291 3333 1402 3379 110.
1446 3334 1493 3379 1.
1538 3330 1668 3382 Urb.
1748 3333 1839 3381 ubi

611 3398 672 3447 C.
695 3402 808 3447 413.
833 3399 956 3449 Ant.
977 3402 1069 3451 ca.
1092 3406 1206 3452 339.

667 3472 961 3525 ¹Devotione
978 3478 1148 3541 simili]
1165 3480 1232 3531 Q.
1257 3480 1443 3530 Fabius
1464 3483 1662 3533 Rullia-

1900 3334 2135 3385 bostium·
2180 3336 2315 3387 ‘telis
2362 3336 2636 3389 confectus
2702 3345 2802 3389 est.

1746 3408 1957 3457 Deinde
1980 3410 2189 3471 Fabius,
2222 3413 2311 3477 ‘qui
2346 3414 2642 3463 cunctando
2666 3414 2799 3463 diem

1744 3490 2067 3545 extraxerat,
2088 3488 2257 3537 acrius
2290 3489 2486 3538 instare
2519 3492 2698 3553 coepit,
2722 3505 2800 3539 re-

610 3562 704 3596 nus
727 3556 780 3597 et
802 3549 993 3600 Decius
1017 3553 1265 3603 Consules
1285 3563 1466 3605 contra
1485 3558 1661 3609 Gallos
1744 3558 1967 3622 tulitque
2023 3562 2321 3611 victor-iamt
2388 3578 2525 3613 caesa
2576 3565 2799 3614 hostium

609 3631 666 3673 et
701 3626 958 3677 Samnites
981 3627 1046 3678 ad
1081 3630 1309 3679 Clusium
1327 3634 1565 3695 praelium
1586 3634 1662 3685 in·

609 3700 806 3761 ierant3
833 3702 1046 3767 jamque
1085 3705 1342 3755 Gallicum
1372 3709 1659 3771 equitatum

613 3774 804 3825 Decius
829 3777 907 3826 bis
922 3785 1204 3840 averterat,
1225 3796 1341 3830 cum
1361 3797 1393 3831 e
1421 3784 1660 3834 curribus

607 3853 752 3903 Galli
799 3862 1092 3917 pugnantes
1147 3858 1404 3905 Romanos
1459 3865 1665 3909 terrent

609 3928 846 3987 equitesz
897 3938 1005 3979 tum
1045 3932 1243 3981 Decius
1279 3947 1354 3993 se,
1390 3932 1663 3997 hostesque

612 4002 731 4052 Diis
786 4006 1046 4068 Manibus,
1089 4015 1356 4070 praereunte
1407 4010 1485 4059 M.
1515 4012 1663 4062 Livio

611 4076 892 4141 Pontifice,
932 4082 1182 4144 devovet;
1229 4085 1407 4150 sicque
1443 4087 1496 4136 in
1541 4103 1663 4137 con-

609 4150 798 4201 fertam
837 4156 1102 4206 Gallorum
1139 4174 1193 4207 se
1231 4162 1446 4223 conjicit
1481 4163 1665 4227 aciem,

1743 3634 1928 3698 viginti
1952 3636 2179 3701 quinque
2202 3637 2380 3699 millia,
2400 3646 2522 3689 octo
2545 3649 2719 3703 capta.

1806 3715 1830 3761 i
1858 3709 1964 3761 ·An.
1986 3714 2065 3761 M.
2089 3717 2234 3763 3⁷59.
2308 3714 2395 3765 Ol.
2420 3720 2533 3766 121.
2555 3721 2603 3766 2.
2669 3716 2798 3767 Urb.

1744 3788 1805 3838 C.
1822 3792 1944 3837 458.
1996 3788 2122 3839 Ant.
2148 3790 2243 3839 ch.
2265 3795 2381 3842 294.

1805 3860 1824 3904 ³
1856 3864 2112 3927 Reliquiae]
2146 3866 2343 3917 Decem
2360 3868 2617 3918 hominum
2640 3868 2798 3918 millia

1744 3938 2022 3988 Canusium
2059 3940 2323 4005 fugerant,
2356 3958 2386 3992 a
2420 3944 2602 4008 quibus
2636 3945 2797 4007 impe-

1745 4016 1874 4065 rium
1912 4016 2013 4079 Ap.
2066 4018 2294 4069 Pulchro
2330 4022 2558 4071 AEdilitio
2597 4029 2653 4071 et
2685 4023 2798 4071 Sci·

1744 4092 1884 4154 pioni
1904 4092 2176 4143 admodum
2194 4097 2378 4160 juveni
2401 4090 2626 4148 delatum
2650 4106 2749 4149 est.
