<?xml version="1.0" encoding="UTF-8"?>
<!DOCTYPE html PUBLIC "-//W3C//DTD XHTML 1.0 Transitional//EN"
    "http://www.w3.org/TR/xhtml1/DTD/xhtml1-transitional.dtd">
<html xmlns="http://www.w3.org/1999/xhtml" xml:lang="en" lang="en">
 <head>
  <title>
</title>
<meta http-equiv="Content-Type" content="text/html;charset=utf-8" />
  <meta name='ocr-system' content='tesseract 3.04.00' />
  <meta name='ocr-capabilities' content='ocr_page ocr_carea ocr_par ocr_line ocrx_word'/>
</head>
<body>
  <div class='ocr_page' id='page_1' title='image "./valeriimaximifa02maxigoog_0437.png"; bbox 0 0 3144 4925; ppageno 0'>
   <div class='ocr_carea' id='block_1_1' title="bbox 852 382 2568 449">
    <p class='ocr_par' dir='ltr' id='par_1_1' title="bbox 852 382 2568 449">
     <span class='ocr_line' id='line_1_1' title="bbox 852 382 2568 449; baseline -0.003 0"><span class='ocrx_word' id='word_1_1' title='bbox 852 400 1011 449; x_wconf 68' lang='lat' dir='ltr'><strong>cm».</strong></span> <span class='ocrx_word' id='word_1_2' title='bbox 1044 396 1218 448; x_wconf 83' lang='lat' dir='ltr'><strong>xm.</strong></span> <span class='ocrx_word' id='word_1_3' title='bbox 1266 399 1363 448; x_wconf 74' lang='lat' dir='ltr'><strong>nn</strong></span> <span class='ocrx_word' id='word_1_4' title='bbox 1410 399 1870 448; x_wconf 66' lang='lat' dir='ltr'><strong>commum</strong></span> <span class='ocrx_word' id='word_1_5' title='bbox 1920 399 2136 448; x_wconf 55' lang='grc' dir='ltr'><strong>νινε.</strong></span> <span class='ocrx_word' id='word_1_6' title='bbox 2448 382 2568 448; x_wconf 80' lang='grc'><strong>891</strong></span> 
     </span>
    </p>
   </div>
   <div class='ocr_carea' id='block_1_2' title="bbox 391 536 2580 1724">
    <p class='ocr_par' dir='ltr' id='par_1_2' title="bbox 392 536 2580 1517">
     <span class='ocr_line' id='line_1_2' title="bbox 483 536 2580 621; baseline -0.001 -15"><span class='ocrx_word' id='word_1_7' title='bbox 483 541 551 607; x_wconf 79' lang='grc'><strong>8.</strong></span> <span class='ocrx_word' id='word_1_8' title='bbox 594 539 757 604; x_wconf 85' lang='grc' dir='ltr'><strong>Ηοο</strong></span> <span class='ocrx_word' id='word_1_9' title='bbox 802 558 955 621; x_wconf 86' lang='lat' dir='ltr'><strong>rege</strong></span> <span class='ocrx_word' id='word_1_10' title='bbox 996 537 1321 602; x_wconf 80' lang='lat' dir='ltr'>infelicior</span> <span class='ocrx_word' id='word_1_11' title='bbox 1339 537 1391 578; x_wconf 89' lang='lat'><strong>¹⁶</strong></span> <span class='ocrx_word' id='word_1_12' title='bbox 1450 536 1869 602; x_wconf 82' lang='lat' dir='ltr'><strong>Alexander:</strong></span> <span class='ocrx_word' id='word_1_13' title='bbox 1891 545 1916 574; x_wconf 76' lang='lat'>⁸</span> <span class='ocrx_word' id='word_1_14' title='bbox 1974 536 2168 620; x_wconf 87' lang='lat' dir='ltr'><strong>cujus</strong></span> <span class='ocrx_word' id='word_1_15' title='bbox 2207 538 2580 620; x_wconf 75' lang='lat' dir='ltr'><strong>praecordia</strong></span> 
     </span>
     <span class='ocr_line' id='line_1_3' title="bbox 397 637 2578 718; baseline -0.001 -12"><span class='ocrx_word' id='word_1_16' title='bbox 397 641 554 706; x_wconf 86' lang='lat' dir='ltr'><strong>hinc</strong></span> <span class='ocrx_word' id='word_1_17' title='bbox 594 659 802 718; x_wconf 87' lang='lat' dir='ltr'><strong>amor,</strong></span> <span class='ocrx_word' id='word_1_18' title='bbox 860 640 1010 703; x_wconf 88' lang='lat' dir='ltr'><strong>hinc</strong></span> <span class='ocrx_word' id='word_1_19' title='bbox 1056 647 1277 702; x_wconf 90' lang='lat' dir='ltr'><strong>metus</strong></span> <span class='ocrx_word' id='word_1_20' title='bbox 1322 642 1672 704; x_wconf 82' lang='lat' dir='ltr'><strong>torserunt.</strong></span> <span class='ocrx_word' id='word_1_21' title='bbox 1762 637 1832 702; x_wconf 89' lang='lat' dir='ltr'>N</span> <span class='ocrx_word' id='word_1_22' title='bbox 1834 657 1940 702; x_wconf 89' lang='lat' dir='ltr'><strong>am</strong></span> <span class='ocrx_word' id='word_1_23' title='bbox 1989 657 2142 702; x_wconf 90' lang='lat' dir='ltr'><strong>cum</strong></span> <span class='ocrx_word' id='word_1_24' title='bbox 2189 638 2444 702; x_wconf 86' lang='lat' dir='ltr'><strong>infinito</strong></span> <span class='ocrx_word' id='word_1_25' title='bbox 2474 657 2578 703; x_wconf 89' lang='lat' dir='ltr'><strong>ar-</strong></span> 
     </span>
     <span class='ocr_line' id='line_1_4' title="bbox 398 737 2576 823; baseline -0.002 -17"><span class='ocrx_word' id='word_1_26' title='bbox 398 740 556 806; x_wconf 85' lang='lat' dir='ltr'><strong>dore</strong></span> <span class='ocrx_word' id='word_1_27' title='bbox 575 749 625 789; x_wconf 88' lang='lat'><strong>¹⁷</strong></span> <span class='ocrx_word' id='word_1_28' title='bbox 669 738 977 823; x_wconf 86' lang='lat' dir='ltr'><strong>conjugis</strong></span> <span class='ocrx_word' id='word_1_29' title='bbox 1023 738 1285 812; x_wconf 80' lang='lat' dir='ltr'><strong>Thebes</strong></span> <span class='ocrx_word' id='word_1_30' title='bbox 1312 743 1657 815; x_wconf 86' lang='lat' dir='ltr'><strong>teneretur,</strong></span> <span class='ocrx_word' id='word_1_31' title='bbox 1715 739 1802 802; x_wconf 92' lang='lat' dir='ltr'><strong>ad</strong></span> <span class='ocrx_word' id='word_1_32' title='bbox 1841 737 2118 802; x_wconf 87' lang='lat' dir='ltr'><strong>eandem</strong></span> <span class='ocrx_word' id='word_1_33' title='bbox 2147 756 2240 801; x_wconf 80' lang='lat' dir='ltr'><strong>ex</strong></span> <span class='ocrx_word' id='word_1_34' title='bbox 2266 740 2480 821; x_wconf 88' lang='lat' dir='ltr'><strong>epulis</strong></span> <span class='ocrx_word' id='word_1_35' title='bbox 2505 741 2576 803; x_wconf 88' lang='lat' dir='ltr'><strong>in</strong></span> 
     </span>
     <span class='ocr_line' id='line_1_5' title="bbox 397 839 2576 921; baseline -0.002 -15"><span class='ocrx_word' id='word_1_36' title='bbox 397 841 777 906; x_wconf 80' lang='lat' dir='ltr'><strong>cubiculum</strong></span> <span class='ocrx_word' id='word_1_37' title='bbox 835 839 1132 917; x_wconf 85' lang='lat' dir='ltr'><strong>veniens,</strong></span> <span class='ocrx_word' id='word_1_38' title='bbox 1200 840 1549 904; x_wconf 86' lang='lat' dir='ltr'><strong>barbarum</strong></span> <span class='ocrx_word' id='word_1_39' title='bbox 1602 843 2069 921; x_wconf 89' lang='lat' dir='ltr'><strong>compunctum</strong></span> <span class='ocrx_word' id='word_1_40' title='bbox 2115 839 2296 902; x_wconf 87' lang='lat' dir='ltr'><strong>notis</strong></span> <span class='ocrx_word' id='word_1_41' title='bbox 2349 839 2576 902; x_wconf 86' lang='lat' dir='ltr'><strong>Threi·</strong></span> 
     </span>
     <span class='ocr_line' id='line_1_6' title="bbox 396 937 2578 1022; baseline -0.001 -16"><span class='ocrx_word' id='word_1_42' title='bbox 396 942 526 1006; x_wconf 89' lang='lat' dir='ltr'><strong>ciis</strong></span> <span class='ocrx_word' id='word_1_43' title='bbox 544 941 599 980; x_wconf 76' lang='lat'><strong>¹⁸</strong></span> <span class='ocrx_word' id='word_1_44' title='bbox 644 941 875 1006; x_wconf 83' lang='lat' dir='ltr'><strong>stricto</strong></span> <span class='ocrx_word' id='word_1_45' title='bbox 902 939 1123 1020; x_wconf 83' lang='lat' dir='ltr'><strong>gladio</strong></span> <span class='ocrx_word' id='word_1_46' title='bbox 1149 938 1439 1022; x_wconf 87' lang='lat' dir='ltr'><strong>jubebat</strong></span> <span class='ocrx_word' id='word_1_47' title='bbox 1466 939 1748 1003; x_wconf 85' lang='lat' dir='ltr'><strong>anteire:</strong></span> <span class='ocrx_word' id='word_1_48' title='bbox 1794 956 1918 1001; x_wconf 88' lang='lat' dir='ltr'><strong>nec</strong></span> <span class='ocrx_word' id='word_1_49' title='bbox 1944 937 2130 1019; x_wconf 89' lang='lat' dir='ltr'><strong>prius</strong></span> <span class='ocrx_word' id='word_1_50' title='bbox 2153 957 2229 1002; x_wconf 89' lang='lat' dir='ltr'><strong>se</strong></span> <span class='ocrx_word' id='word_1_51' title='bbox 2257 939 2504 1003; x_wconf 80' lang='lat' dir='ltr'><strong>ibidem</strong></span> <span class='ocrx_word' id='word_1_52' title='bbox 2525 947 2578 989; x_wconf 89' lang='lat'><strong>¹⁹</strong></span> 
     </span>
     <span class='ocr_line' id='line_1_7' title="bbox 393 1037 2577 1122; baseline -0.001 -16"><span class='ocrx_word' id='word_1_53' title='bbox 393 1043 577 1107; x_wconf 88' lang='lat' dir='ltr'><strong>lecto</strong></span> <span class='ocrx_word' id='word_1_54' title='bbox 632 1040 1115 1115; x_wconf 81' lang='lat' dir='ltr'><strong>committebat,</strong></span> <span class='ocrx_word' id='word_1_55' title='bbox 1177 1058 1374 1122; x_wconf 88' lang='lat' dir='ltr'><strong>quam</strong></span> <span class='ocrx_word' id='word_1_56' title='bbox 1429 1058 1474 1102; x_wconf 87' lang='lat' dir='ltr'><strong>a</strong></span> <span class='ocrx_word' id='word_1_57' title='bbox 1524 1038 1959 1120; x_wconf 83' lang='lat' dir='ltr'><strong>stipatoribus</strong></span> <span class='ocrx_word' id='word_1_58' title='bbox 2006 1037 2359 1119; x_wconf 85' lang='lat' dir='ltr'><strong>diligenter</strong></span> <span class='ocrx_word' id='word_1_59' title='bbox 2400 1045 2577 1103; x_wconf 89' lang='lat' dir='ltr'><strong>esset</strong></span> 
     </span>
     <span class='ocr_line' id='line_1_8' title="bbox 394 1137 2574 1221; baseline -0.002 -15"><span class='ocrx_word' id='word_1_60' title='bbox 394 1145 769 1206; x_wconf 55' lang='lat' dir='ltr'><strong>scrutatum</strong></span> <span class='ocrx_word' id='word_1_61' title='bbox 855 1137 1282 1220; x_wconf 83' lang='lat' dir='ltr'><strong>Supplicium</strong></span> <span class='ocrx_word' id='word_1_62' title='bbox 1309 1138 1480 1202; x_wconf 88' lang='lat' dir='ltr'><strong>irato</strong></span> <span class='ocrx_word' id='word_1_63' title='bbox 1511 1137 1803 1202; x_wconf 87' lang='lat' dir='ltr'><strong>Deorum</strong></span> <span class='ocrx_word' id='word_1_64' title='bbox 1824 1137 2088 1202; x_wconf 84' lang='lat' dir='ltr'><strong>numine</strong></span> <span class='ocrx_word' id='word_1_65' title='bbox 2110 1138 2574 1221; x_wconf 86' lang='lat' dir='ltr'><strong>compositum,</strong></span> 
     </span>
     <span class='ocr_line' id='line_1_9' title="bbox 392 1235 2573 1324; baseline -0.002 -18"><span class='ocrx_word' id='word_1_66' title='bbox 392 1259 607 1324; x_wconf 86' lang='lat' dir='ltr'><strong>neque</strong></span> <span class='ocrx_word' id='word_1_67' title='bbox 632 1238 911 1316; x_wconf 87' lang='lat' dir='ltr'><strong>libidini,</strong></span> <span class='ocrx_word' id='word_1_68' title='bbox 939 1257 1153 1322; x_wconf 86' lang='lat' dir='ltr'><strong>neque</strong></span> <span class='ocrx_word' id='word_1_69' title='bbox 1182 1239 1400 1303; x_wconf 87' lang='lat' dir='ltr'><strong>timori</strong></span> <span class='ocrx_word' id='word_1_70' title='bbox 1428 1257 1636 1323; x_wconf 88' lang='lat' dir='ltr'><strong>posse</strong></span> <span class='ocrx_word' id='word_1_71' title='bbox 1665 1239 2014 1321; x_wconf 86' lang='lat' dir='ltr'><strong>imperare.</strong></span> <span class='ocrx_word' id='word_1_72' title='bbox 2102 1235 2317 1320; x_wconf 84' lang='lat' dir='ltr'><strong>Cujus</strong></span> <span class='ocrx_word' id='word_1_73' title='bbox 2352 1241 2573 1304; x_wconf 86' lang='lat' dir='ltr'><strong>timori</strong></span> 
     </span>
     <span class='ocr_line' id='line_1_10' title="bbox 394 1334 2573 1415; baseline 0.001 -16"><span class='ocrx_word' id='word_1_74' title='bbox 394 1334 625 1400; x_wconf 86' lang='lat' dir='ltr'><strong>eadem</strong></span> <span class='ocrx_word' id='word_1_75' title='bbox 678 1344 749 1400; x_wconf 87' lang='lat' dir='ltr'><strong>et</strong></span> <span class='ocrx_word' id='word_1_76' title='bbox 799 1357 1027 1415; x_wconf 89' lang='lat' dir='ltr'><strong>causa,</strong></span> <span class='ocrx_word' id='word_1_77' title='bbox 1077 1345 1145 1402; x_wconf 90' lang='lat' dir='ltr'><strong>et</strong></span> <span class='ocrx_word' id='word_1_78' title='bbox 1194 1337 1345 1402; x_wconf 87' lang='lat' dir='ltr'><strong>finis</strong></span> <span class='ocrx_word' id='word_1_79' title='bbox 1389 1337 1535 1402; x_wconf 84' lang='lat' dir='ltr'><strong>fuit.</strong></span> <span class='ocrx_word' id='word_1_80' title='bbox 1622 1336 2083 1403; x_wconf 86' lang='lat' dir='ltr'><strong>Alexandrum</strong></span> <span class='ocrx_word' id='word_1_81' title='bbox 2127 1338 2302 1401; x_wconf 89' lang='lat' dir='ltr'><strong>enim</strong></span> <span class='ocrx_word' id='word_1_82' title='bbox 2343 1338 2573 1402; x_wconf 86' lang='lat' dir='ltr'><strong>Thebe</strong></span> 
     </span>
     <span class='ocr_line' id='line_1_11' title="bbox 393 1431 2314 1517; baseline 0.006 -17"><span class='ocrx_word' id='word_1_83' title='bbox 393 1431 748 1517; x_wconf 73' lang='lat' dir='ltr'><strong>pellicatus</strong></span> <span class='ocrx_word' id='word_1_84' title='bbox 777 1438 877 1503; x_wconf 86' lang='lat' dir='ltr'><strong>ira</strong></span> <span class='ocrx_word' id='word_1_85' title='bbox 900 1443 1077 1502; x_wconf 89' lang='lat' dir='ltr'><strong>mota</strong></span> <span class='ocrx_word' id='word_1_86' title='bbox 1104 1439 1453 1504; x_wconf 86' lang='lat' dir='ltr'><strong>interemit.</strong></span> <span class='ocrx_word' id='word_1_87' title='bbox 2307 1505 2314 1512; x_wconf 93' lang='lat'><strong>.</strong></span> 
     </span>
    </p>

    <p class='ocr_par' dir='ltr' id='par_1_3' title="bbox 391 1534 2573 1724">
     <span class='ocr_line' id='line_1_12' title="bbox 478 1534 2573 1623; baseline 0.001 -24"><span class='ocrx_word' id='word_1_88' title='bbox 478 1536 543 1599; x_wconf 83' lang='lat'><strong>4.</strong></span> <span class='ocrx_word' id='word_1_89' title='bbox 586 1534 755 1619; x_wconf 83' lang='lat' dir='ltr'><strong>Age,</strong></span> <span class='ocrx_word' id='word_1_90' title='bbox 784 1538 1154 1622; x_wconf 84' lang='lat' dir='ltr'><strong>Dionysius</strong></span> <span class='ocrx_word' id='word_1_91' title='bbox 1183 1539 1754 1622; x_wconf 80' lang='lat' dir='ltr'><strong>Syracusanorum</strong></span> <span class='ocrx_word' id='word_1_92' title='bbox 1783 1547 2102 1623; x_wconf 85' lang='lat' dir='ltr'><strong>tyrannus</strong></span> <span class='ocrx_word' id='word_1_93' title='bbox 2129 1539 2413 1623; x_wconf 86' lang='lat' dir='ltr'><strong>hujusce</strong></span> <span class='ocrx_word' id='word_1_94' title='bbox 2443 1542 2573 1602; x_wconf 82' lang='lat' dir='ltr'><strong>tor·</strong></span> 
     </span>
     <span class='ocr_line' id='line_1_13' title="bbox 391 1635 2572 1724; baseline -0 -22"><span class='ocrx_word' id='word_1_95' title='bbox 391 1635 604 1702; x_wconf 82' lang='lat' dir='ltr'><strong>menti</strong></span> <span class='ocrx_word' id='word_1_96' title='bbox 621 1642 680 1673; x_wconf 83' lang='lat'><strong>²0</strong></span> <span class='ocrx_word' id='word_1_97' title='bbox 721 1657 923 1720; x_wconf 85' lang='lat' dir='ltr'><strong>quam</strong></span> <span class='ocrx_word' id='word_1_98' title='bbox 949 1641 1148 1719; x_wconf 77' lang='lat' dir='ltr'><strong>longa</strong></span> <span class='ocrx_word' id='word_1_99' title='bbox 1175 1637 1439 1703; x_wconf 83' lang='lat' dir='ltr'><strong>fabula!</strong></span> <span class='ocrx_word' id='word_1_100' title='bbox 1483 1640 1604 1723; x_wconf 91' lang='lat' dir='ltr'><strong>qui</strong></span> <span class='ocrx_word' id='word_1_101' title='bbox 1637 1635 2330 1724; x_wconf 72' lang='lat' dir='ltr'><strong>duodequadragintaf</strong></span> <span class='ocrx_word' id='word_1_102' title='bbox 2362 1657 2572 1702; x_wconf 85' lang='lat' dir='ltr'><strong>anno·</strong></span> 
     </span>
    </p>
   </div>
   <div class='ocr_carea' id='block_1_3' title="bbox 278 1735 2573 1824">
    <p class='ocr_par' dir='ltr' id='par_1_4' title="bbox 278 1735 2573 1824">
     <span class='ocr_line' id='line_1_14' title="bbox 278 1735 2573 1824; baseline 0.002 -26"><span class='ocrx_word' id='word_1_103' title='bbox 278 1809 291 1818; x_wconf 45' lang='lat'>‚</span> <span class='ocrx_word' id='word_1_104' title='bbox 390 1753 536 1798; x_wconf 84' lang='lat' dir='ltr'><strong>rum</strong></span> <span class='ocrx_word' id='word_1_105' title='bbox 589 1735 1108 1803; x_wconf 88' lang='lat' dir='ltr'><strong>dominationem</strong></span> <span class='ocrx_word' id='word_1_106' title='bbox 1165 1739 1234 1801; x_wconf 89' lang='lat' dir='ltr'><strong>in</strong></span> <span class='ocrx_word' id='word_1_107' title='bbox 1293 1738 1469 1802; x_wconf 89' lang='lat' dir='ltr'><strong>hunc</strong></span> <span class='ocrx_word' id='word_1_108' title='bbox 1524 1740 1798 1804; x_wconf 87' lang='lat' dir='ltr'><strong>modum</strong></span> <span class='ocrx_word' id='word_1_109' title='bbox 1848 1741 2124 1824; x_wconf 84' lang='lat' dir='ltr'><strong>peregit.</strong></span> <span class='ocrx_word' id='word_1_110' title='bbox 2212 1739 2573 1803; x_wconf 87' lang='lat' dir='ltr'><strong>Summotis</strong></span> 
     </span>
    </p>
   </div>
   <div class='ocr_carea' id='block_1_4' title="bbox 386 1837 2574 2523">
    <p class='ocr_par' dir='ltr' id='par_1_5' title="bbox 386 1837 2574 2523">
     <span class='ocr_line' id='line_1_15' title="bbox 390 1837 2570 1921; baseline 0.001 -23"><span class='ocrx_word' id='word_1_111' title='bbox 390 1837 629 1900; x_wconf 89' lang='lat' dir='ltr'><strong>amicis</strong></span> <span class='ocrx_word' id='word_1_112' title='bbox 678 1839 748 1902; x_wconf 90' lang='lat' dir='ltr'><strong>in</strong></span> <span class='ocrx_word' id='word_1_113' title='bbox 777 1859 1003 1904; x_wconf 87' lang='lat' dir='ltr'><strong>eorum</strong></span> <span class='ocrx_word' id='word_1_114' title='bbox 1030 1840 1251 1904; x_wconf 88' lang='lat' dir='ltr'><strong>locum</strong></span> <span class='ocrx_word' id='word_1_115' title='bbox 1300 1838 1858 1904; x_wconf 85' lang='lat' dir='ltr'><strong>ferocissimarum</strong></span> <span class='ocrx_word' id='word_1_116' title='bbox 1906 1841 2203 1921; x_wconf 86' lang='lat' dir='ltr'><strong>gentium</strong></span> <span class='ocrx_word' id='word_1_117' title='bbox 2243 1838 2570 1915; x_wconf 85' lang='lat' dir='ltr'><strong>homines,</strong></span> 
     </span>
     <span class='ocr_line' id='line_1_16' title="bbox 389 1937 2574 2023; baseline 0.002 -25"><span class='ocrx_word' id='word_1_118' title='bbox 389 1941 458 1998; x_wconf 86' lang='lat' dir='ltr'><strong>et</strong></span> <span class='ocrx_word' id='word_1_119' title='bbox 486 1955 531 1999; x_wconf 93' lang='lat' dir='ltr'><strong>a</strong></span> <span class='ocrx_word' id='word_1_120' title='bbox 554 1937 831 2003; x_wconf 85' lang='lat' dir='ltr'><strong>familiis</strong></span> <span class='ocrx_word' id='word_1_121' title='bbox 859 1939 1267 2023; x_wconf 89' lang='lat' dir='ltr'><strong>locupletum</strong></span> <span class='ocrx_word' id='word_1_122' title='bbox 1293 1940 1542 2005; x_wconf 86' lang='lat' dir='ltr'><strong>electos</strong></span> <span class='ocrx_word' id='word_1_123' title='bbox 1588 1939 1990 2022; x_wconf 76' lang='lat' dir='ltr'><strong>praevalidos</strong></span> <span class='ocrx_word' id='word_1_124' title='bbox 2019 1957 2270 2015; x_wconf 74' lang='lat' dir='ltr'><strong>servoS,</strong></span> <span class='ocrx_word' id='word_1_125' title='bbox 2324 1940 2574 2022; x_wconf 88' lang='lat' dir='ltr'><strong>quibus</strong></span> 
     </span>
     <span class='ocr_line' id='line_1_17' title="bbox 389 2035 2570 2123; baseline 0.001 -24"><span class='ocrx_word' id='word_1_126' title='bbox 389 2035 603 2101; x_wconf 87' lang='lat' dir='ltr'><strong>latera</strong></span> <span class='ocrx_word' id='word_1_127' title='bbox 648 2058 773 2103; x_wconf 88' lang='lat' dir='ltr'><strong>sua</strong></span> <span class='ocrx_word' id='word_1_128' title='bbox 815 2040 1283 2117; x_wconf 84' lang='lat' dir='ltr'><strong>committeret,</strong></span> <span class='ocrx_word' id='word_1_129' title='bbox 1336 2041 1681 2106; x_wconf 85' lang='lat' dir='ltr'><strong>substituit</strong></span> <span class='ocrx_word' id='word_1_130' title='bbox 1703 2047 1794 2104; x_wconf 85' lang='lat'><strong>:²¹</strong></span> <span class='ocrx_word' id='word_1_131' title='bbox 1861 2045 2336 2123; x_wconf 76' lang='lat' dir='ltr'><strong>tonsor-umque</strong></span> <span class='ocrx_word' id='word_1_132' title='bbox 2364 2044 2570 2114; x_wconf 87' lang='lat' dir='ltr'><strong>metu,</strong></span> 
     </span>
     <span class='ocr_line' id='line_1_18' title="bbox 388 2135 2571 2224; baseline 0.003 -27"><span class='ocrx_word' id='word_1_133' title='bbox 388 2135 666 2200; x_wconf 88' lang='lat' dir='ltr'><strong>tondere</strong></span> <span class='ocrx_word' id='word_1_134' title='bbox 712 2138 885 2204; x_wconf 89' lang='lat' dir='ltr'><strong>filias</strong></span> <span class='ocrx_word' id='word_1_135' title='bbox 937 2159 1099 2204; x_wconf 86' lang='lat' dir='ltr'><strong>suas</strong></span> <span class='ocrx_word' id='word_1_136' title='bbox 1155 2140 1399 2204; x_wconf 89' lang='lat' dir='ltr'><strong>docuit.</strong></span> <span class='ocrx_word' id='word_1_137' title='bbox 1489 2138 1795 2218; x_wconf 84' lang='lat' dir='ltr'><strong>Quarum</strong></span> <span class='ocrx_word' id='word_1_138' title='bbox 1841 2141 2161 2224; x_wconf 89' lang='lat' dir='ltr'><strong>ipsarum,</strong></span> <span class='ocrx_word' id='word_1_139' title='bbox 2213 2144 2571 2222; x_wconf 83' lang='lat' dir='ltr'><strong>postquam</strong></span> 
     </span>
     <span class='ocr_line' id='line_1_19' title="bbox 388 2232 2570 2326; baseline 0.002 -29"><span class='ocrx_word' id='word_1_140' title='bbox 388 2232 639 2302; x_wconf 81' lang='lat' dir='ltr'><strong>adultae</strong></span> <span class='ocrx_word' id='word_1_141' title='bbox 680 2241 862 2305; x_wconf 81' lang='lat' dir='ltr'><strong>aetati</strong></span> <span class='ocrx_word' id='word_1_142' title='bbox 914 2241 1566 2326; x_wconf 84' lang='lat' dir='ltr'><strong>appropinquabant,</strong></span> <span class='ocrx_word' id='word_1_143' title='bbox 1595 2241 1900 2306; x_wconf 87' lang='lat' dir='ltr'><strong>manibus</strong></span> <span class='ocrx_word' id='word_1_144' title='bbox 1937 2239 2178 2304; x_wconf 85' lang='lat' dir='ltr'><strong>ferrum</strong></span> <span class='ocrx_word' id='word_1_145' title='bbox 2206 2259 2335 2304; x_wconf 91' lang='lat' dir='ltr'><strong>non</strong></span> <span class='ocrx_word' id='word_1_146' title='bbox 2365 2257 2570 2303; x_wconf 86' lang='lat' dir='ltr'><strong>ausus</strong></span> 
     </span>
     <span class='ocr_line' id='line_1_20' title="bbox 390 2337 2570 2422; baseline 0.002 -25"><span class='ocrx_word' id='word_1_147' title='bbox 390 2337 826 2417; x_wconf 88' lang='lat' dir='ltr'><strong>committere,</strong></span> <span class='ocrx_word' id='word_1_148' title='bbox 856 2341 1168 2415; x_wconf 87' lang='lat' dir='ltr'><strong>instituit,</strong></span> <span class='ocrx_word' id='word_1_149' title='bbox 1206 2346 1280 2405; x_wconf 95' lang='lat' dir='ltr'><strong>ut</strong></span> <span class='ocrx_word' id='word_1_150' title='bbox 1321 2340 1740 2405; x_wconf 88' lang='lat' dir='ltr'><strong>candentium</strong></span> <span class='ocrx_word' id='word_1_151' title='bbox 1779 2339 2242 2422; x_wconf 77' lang='lat' dir='ltr'><strong>juglandium⁸</strong></span> <span class='ocrx_word' id='word_1_152' title='bbox 2281 2339 2570 2422; x_wconf 89' lang='lat' dir='ltr'><strong>putami-</strong></span> 
     </span>
     <span class='ocr_line' id='line_1_21' title="bbox 386 2434 2570 2523; baseline 0.002 -24"><span class='ocrx_word' id='word_1_153' title='bbox 386 2434 586 2499; x_wconf 89' lang='lat' dir='ltr'><strong>nibus</strong></span> <span class='ocrx_word' id='word_1_154' title='bbox 610 2442 666 2473; x_wconf 79' lang='lat'><strong>²²</strong></span> <span class='ocrx_word' id='word_1_155' title='bbox 707 2438 986 2504; x_wconf 89' lang='lat' dir='ltr'><strong>barbam</strong></span> <span class='ocrx_word' id='word_1_156' title='bbox 1037 2441 1168 2505; x_wconf 88' lang='lat' dir='ltr'><strong>sibi</strong></span> <span class='ocrx_word' id='word_1_157' title='bbox 1212 2445 1281 2505; x_wconf 87' lang='lat' dir='ltr'><strong>et</strong></span> <span class='ocrx_word' id='word_1_158' title='bbox 1320 2439 1643 2523; x_wconf 88' lang='lat' dir='ltr'><strong>capillum</strong></span> <span class='ocrx_word' id='word_1_159' title='bbox 1693 2435 2092 2505; x_wconf 59' lang='lat' dir='ltr'><strong>adurerent!</strong></span> <span class='ocrx_word' id='word_1_160' title='bbox 2194 2439 2349 2504; x_wconf 89' lang='lat' dir='ltr'><strong>Nec</strong></span> <span class='ocrx_word' id='word_1_161' title='bbox 2377 2457 2570 2504; x_wconf 87' lang='lat' dir='ltr'><strong>secu-</strong></span> 
     </span>
    </p>
   </div>
   <div class='ocr_carea' id='block_1_5' title="bbox 1296 2595 1663 2619">
    <p class='ocr_par' dir='ltr' id='par_1_6' title="bbox 1296 2595 1663 2619">
     <span class='ocr_line' id='line_1_22' title="bbox 1296 2595 1663 2619; baseline -0.003 -1"><span class='ocrx_word' id='word_1_162' title='bbox 1296 2595 1663 2619; x_wconf 52' lang='lat' dir='ltr'><strong>MOWN</strong></span> 
     </span>
    </p>
   </div>
   <div class='ocr_carea' id='block_1_6' title="bbox 384 2704 2573 3531">
    <p class='ocr_par' dir='ltr' id='par_1_7' title="bbox 384 2704 2573 3531">
     <span class='ocr_line' id='line_1_23' title="bbox 391 2704 2568 2771; baseline 0.002 -16"><span class='ocrx_word' id='word_1_163' title='bbox 391 2709 455 2755; x_wconf 80' lang='lat'><strong>16</strong></span> <span class='ocrx_word' id='word_1_164' title='bbox 489 2704 673 2755; x_wconf 79' lang='lat' dir='ltr'><strong>Heius.</strong></span> <span class='ocrx_word' id='word_1_165' title='bbox 696 2705 760 2754; x_wconf 91' lang='lat' dir='ltr'><strong>ad</strong></span> <span class='ocrx_word' id='word_1_166' title='bbox 785 2705 941 2756; x_wconf 81' lang='lat' dir='ltr'><strong>Ovid.</strong></span> <span class='ocrx_word' id='word_1_167' title='bbox 965 2706 1118 2756; x_wconf 74' lang='lat' dir='ltr'><strong>Trist.</strong></span> <span class='ocrx_word' id='word_1_168' title='bbox 1140 2720 1223 2757; x_wconf 78' lang='lat' dir='ltr'><strong>lv.</strong></span> <span class='ocrx_word' id='word_1_169' title='bbox 1239 2711 1386 2757; x_wconf 71' lang='lat' dir='ltr'><strong>Lm.</strong></span> <span class='ocrx_word' id='word_1_170' title='bbox 1406 2706 1518 2771; x_wconf 86' lang='lat' dir='ltr'><strong>(ed.</strong></span> <span class='ocrx_word' id='word_1_171' title='bbox 1538 2711 1734 2755; x_wconf 78' lang='lat' dir='ltr'><strong>nostrae</strong></span> <span class='ocrx_word' id='word_1_172' title='bbox 1758 2720 1810 2769; x_wconf 89' lang='lat' dir='ltr'><strong>p.</strong></span> <span class='ocrx_word' id='word_1_173' title='bbox 1829 2705 2090 2771; x_wconf 76' lang='lat' dir='ltr'><strong>4008.).ex</strong></span> <span class='ocrx_word' id='word_1_174' title='bbox 2111 2707 2264 2758; x_wconf 90' lang='lat' dir='ltr'><strong>codd.</strong></span> <span class='ocrx_word' id='word_1_175' title='bbox 2285 2707 2389 2757; x_wconf 77' lang='lat' dir='ltr'><strong>anis</strong></span> <span class='ocrx_word' id='word_1_176' title='bbox 2410 2708 2568 2771; x_wconf 82' lang='lat' dir='ltr'><strong>legit:</strong></span> 
     </span>
     <span class='ocr_line' id='line_1_24' title="bbox 391 2769 2571 2833; baseline 0.002 -16"><span class='ocrx_word' id='word_1_177' title='bbox 391 2769 503 2817; x_wconf 82' lang='lat' dir='ltr'><strong>Hoc</strong></span> <span class='ocrx_word' id='word_1_178' title='bbox 520 2783 630 2831; x_wconf 82' lang='lat' dir='ltr'><strong>rege</strong></span> <span class='ocrx_word' id='word_1_179' title='bbox 649 2770 994 2829; x_wconf 59' lang='lat' dir='ltr'><strong>inferiora—1⁷</strong></span> <span class='ocrx_word' id='word_1_180' title='bbox 1028 2772 1217 2833; x_wconf 84' lang='lat' dir='ltr'><strong>Copes.</strong></span> <span class='ocrx_word' id='word_1_181' title='bbox 1249 2778 1305 2821; x_wconf 87' lang='lat' dir='ltr'><strong>et</strong></span> <span class='ocrx_word' id='word_1_182' title='bbox 1327 2772 1474 2822; x_wconf 83' lang='lat' dir='ltr'><strong>Leid.</strong></span> <span class='ocrx_word' id='word_1_183' title='bbox 1496 2776 1545 2819; x_wconf 78' lang='lat'><strong>5.</strong></span> <span class='ocrx_word' id='word_1_184' title='bbox 1580 2770 1773 2829; x_wconf 60' lang='lat' dir='ltr'><strong>infinito</strong></span> <span class='ocrx_word' id='word_1_185' title='bbox 1791 2775 2097 2819; x_wconf 57' lang='lat' dir='ltr'><strong>amora—18</strong></span> <span class='ocrx_word' id='word_1_186' title='bbox 2133 2771 2329 2820; x_wconf 73' lang='lat' dir='ltr'><strong>Thracis</strong></span> <span class='ocrx_word' id='word_1_187' title='bbox 2349 2772 2571 2821; x_wconf 80' lang='lat' dir='ltr'><strong>colmar.</strong></span> 
     </span>
     <span class='ocr_line' id='line_1_25' title="bbox 392 2832 2573 2896; baseline 0.001 -16"><span class='ocrx_word' id='word_1_188' title='bbox 392 2839 450 2881; x_wconf 85' lang='lat' dir='ltr'><strong>et</strong></span> <span class='ocrx_word' id='word_1_189' title='bbox 470 2832 698 2881; x_wconf 87' lang='lat' dir='ltr'><strong>nonnulli</strong></span> <span class='ocrx_word' id='word_1_190' title='bbox 724 2834 872 2882; x_wconf 85' lang='lat' dir='ltr'><strong>codd.</strong></span> <span class='ocrx_word' id='word_1_191' title='bbox 890 2835 1104 2883; x_wconf 87' lang='lat' dir='ltr'><strong>Torren.</strong></span> <span class='ocrx_word' id='word_1_192' title='bbox 1162 2834 1395 2896; x_wconf 62' lang='lat' dir='ltr'><strong>merciis,</strong></span> <span class='ocrx_word' id='word_1_193' title='bbox 1413 2834 1495 2883; x_wconf 82' lang='lat' dir='ltr'><strong>vel</strong></span> <span class='ocrx_word' id='word_1_194' title='bbox 1522 2834 1721 2882; x_wconf 67' lang='lat' dir='ltr'><strong>Thracia</strong></span> <span class='ocrx_word' id='word_1_195' title='bbox 1738 2834 1790 2881; x_wconf 90' lang='lat' dir='ltr'><strong>in</strong></span> <span class='ocrx_word' id='word_1_196' title='bbox 1814 2833 1924 2882; x_wconf 73' lang='lat' dir='ltr'><strong>aliis</strong></span> <span class='ocrx_word' id='word_1_197' title='bbox 1946 2834 2197 2896; x_wconf 81' lang='lat' dir='ltr'><strong>ejusdem,</strong></span> <span class='ocrx_word' id='word_1_198' title='bbox 2223 2841 2280 2883; x_wconf 82' lang='lat' dir='ltr'><strong>et</strong></span> <span class='ocrx_word' id='word_1_199' title='bbox 2300 2835 2496 2883; x_wconf 89' lang='lat' dir='ltr'><strong>Brand.</strong></span> <span class='ocrx_word' id='word_1_200' title='bbox 2518 2840 2573 2883; x_wconf 84' lang='lat'><strong>1.</strong></span> 
     </span>
     <span class='ocr_line' id='line_1_26' title="bbox 389 2896 2572 2961; baseline 0.001 -16"><span class='ocrx_word' id='word_1_201' title='bbox 389 2899 439 2945; x_wconf 77' lang='lat'><strong>2.</strong></span> <span class='ocrx_word' id='word_1_202' title='bbox 497 2896 662 2945; x_wconf 69' lang='lat' dir='ltr'><strong>Tmois</strong></span> <span class='ocrx_word' id='word_1_203' title='bbox 678 2896 766 2945; x_wconf 83' lang='lat' dir='ltr'><strong>alii</strong></span> <span class='ocrx_word' id='word_1_204' title='bbox 786 2897 941 2947; x_wconf 82' lang='lat' dir='ltr'><strong>etiam</strong></span> <span class='ocrx_word' id='word_1_205' title='bbox 962 2898 1179 2947; x_wconf 84' lang='lat' dir='ltr'><strong>Torren.</strong></span> <span class='ocrx_word' id='word_1_206' title='bbox 1238 2898 1473 2947; x_wconf 66' lang='lat' dir='ltr'><strong>Uar-aidis</strong></span> <span class='ocrx_word' id='word_1_207' title='bbox 1492 2896 1646 2947; x_wconf 88' lang='lat' dir='ltr'><strong>codd.</strong></span> <span class='ocrx_word' id='word_1_208' title='bbox 1667 2896 1852 2945; x_wconf 76' lang='lat' dir='ltr'><strong>Heius.</strong></span> <span class='ocrx_word' id='word_1_209' title='bbox 1888 2910 2038 2961; x_wconf 85' lang='lat' dir='ltr'><strong>quem</strong></span> <span class='ocrx_word' id='word_1_210' title='bbox 2064 2897 2180 2947; x_wconf 82' lang='lat' dir='ltr'><strong>vide</strong></span> <span class='ocrx_word' id='word_1_211' title='bbox 2203 2898 2267 2946; x_wconf 88' lang='lat' dir='ltr'><strong>ad</strong></span> <span class='ocrx_word' id='word_1_212' title='bbox 2291 2898 2449 2947; x_wconf 85' lang='lat' dir='ltr'><strong>Ovid.</strong></span> <span class='ocrx_word' id='word_1_213' title='bbox 2467 2898 2502 2947; x_wconf 90' lang='lat' dir='ltr'><strong>l.</strong></span> <span class='ocrx_word' id='word_1_214' title='bbox 2521 2912 2572 2947; x_wconf 92' lang='lat' dir='ltr'><strong>c.</strong></span> 
     </span>
     <span class='ocr_line' id='line_1_27' title="bbox 387 2958 2570 3023; baseline 0.002 -17"><span class='ocrx_word' id='word_1_215' title='bbox 387 2962 521 3007; x_wconf 80' lang='lat'><strong>-19</strong></span> <span class='ocrx_word' id='word_1_216' title='bbox 554 2959 639 3007; x_wconf 79' lang='lat' dir='ltr'><strong>Ita</strong></span> <span class='ocrx_word' id='word_1_217' title='bbox 660 2960 905 3023; x_wconf 82' lang='lat' dir='ltr'><strong>Pighius;</strong></span> <span class='ocrx_word' id='word_1_218' title='bbox 928 2962 1052 3009; x_wconf 76' lang='lat' dir='ltr'><strong>idem</strong></span> <span class='ocrx_word' id='word_1_219' title='bbox 1075 2962 1125 3009; x_wconf 92' lang='lat' dir='ltr'><strong>in</strong></span> <span class='ocrx_word' id='word_1_220' title='bbox 1158 2966 1277 3011; x_wconf 87' lang='lat' dir='ltr'><strong>octo</strong></span> <span class='ocrx_word' id='word_1_221' title='bbox 1298 2963 1515 3011; x_wconf 80' lang='lat' dir='ltr'><strong>Tor-ren.</strong></span> <span class='ocrx_word' id='word_1_222' title='bbox 1542 2966 1600 3008; x_wconf 88' lang='lat' dir='ltr'><strong>et</strong></span> <span class='ocrx_word' id='word_1_223' title='bbox 1621 2958 1740 3009; x_wconf 85' lang='lat' dir='ltr'><strong>edd.</strong></span> <span class='ocrx_word' id='word_1_224' title='bbox 1765 2965 1894 3008; x_wconf 82' lang='lat' dir='ltr'><strong>vett.</strong></span> <span class='ocrx_word' id='word_1_225' title='bbox 1915 2960 2064 3009; x_wconf 72' lang='lat' dir='ltr'><strong>eidem</strong></span> <span class='ocrx_word' id='word_1_226' title='bbox 2084 2960 2228 3010; x_wconf 83' lang='lat' dir='ltr'><strong>Leid.</strong></span> <span class='ocrx_word' id='word_1_227' title='bbox 2249 2966 2428 3010; x_wconf 79' lang='grc'><strong>6.-20</strong></span> <span class='ocrx_word' id='word_1_228' title='bbox 2460 2960 2570 3012; x_wconf 83' lang='lat' dir='ltr'><strong>Bit.</strong></span> 
     </span>
     <span class='ocr_line' id='line_1_28' title="bbox 389 3021 2571 3086; baseline 0.001 -16"><span class='ocrx_word' id='word_1_229' title='bbox 389 3021 551 3072; x_wconf 77' lang='lat' dir='ltr'><strong>Barb.</strong></span> <span class='ocrx_word' id='word_1_230' title='bbox 573 3023 722 3083; x_wconf 85' lang='lat' dir='ltr'><strong>prim.</strong></span> <span class='ocrx_word' id='word_1_231' title='bbox 749 3024 877 3085; x_wconf 87' lang='lat' dir='ltr'><strong>Cop.</strong></span> <span class='ocrx_word' id='word_1_232' title='bbox 912 3025 1223 3083; x_wconf 64' lang='lat' dir='ltr'><strong>huiuscemodi</strong></span> <span class='ocrx_word' id='word_1_233' title='bbox 1244 3024 1483 3073; x_wconf 72' lang='lat' dir='ltr'><strong>tormenti.</strong></span> <span class='ocrx_word' id='word_1_234' title='bbox 1535 3022 1732 3085; x_wconf 89' lang='lat' dir='ltr'><strong>Ultraj.</strong></span> <span class='ocrx_word' id='word_1_235' title='bbox 1774 3023 1920 3085; x_wconf 85' lang='lat' dir='ltr'><strong>prim.</strong></span> <span class='ocrx_word' id='word_1_236' title='bbox 1953 3038 2089 3086; x_wconf 76' lang='lat' dir='ltr'><strong>quam</strong></span> <span class='ocrx_word' id='word_1_237' title='bbox 2119 3026 2307 3084; x_wconf 77' lang='lat' dir='ltr'><strong>longam</strong></span> <span class='ocrx_word' id='word_1_238' title='bbox 2333 3022 2571 3083; x_wconf 75' lang='lat' dir='ltr'><strong>fabulam.</strong></span> 
     </span>
     <span class='ocr_line' id='line_1_29' title="bbox 390 3084 2570 3150; baseline 0.002 -19"><span class='ocrx_word' id='word_1_239' title='bbox 390 3084 523 3133; x_wconf 81' lang='lat' dir='ltr'><strong>Mox</strong></span> <span class='ocrx_word' id='word_1_240' title='bbox 554 3086 663 3135; x_wconf 88' lang='lat' dir='ltr'><strong>Bit.</strong></span> <span class='ocrx_word' id='word_1_241' title='bbox 699 3088 849 3147; x_wconf 84' lang='lat' dir='ltr'><strong>prim.</strong></span> <span class='ocrx_word' id='word_1_242' title='bbox 882 3089 1078 3136; x_wconf 70' lang='lat' dir='ltr'><strong>dmm</strong></span> <span class='ocrx_word' id='word_1_243' title='bbox 1091 3094 1142 3137; x_wconf 80' lang='lat' dir='ltr'><strong>et</strong></span> <span class='ocrx_word' id='word_1_244' title='bbox 1378 3088 1476 3137; x_wconf 67' lang='lat' dir='ltr'><strong>’nea</strong></span> <span class='ocrx_word' id='word_1_245' title='bbox 1486 3102 1509 3143; x_wconf 83' lang='lat'><strong>,-</strong></span> <span class='ocrx_word' id='word_1_246' title='bbox 1528 3086 1669 3135; x_wconf 82' lang='lat' dir='ltr'><strong>Leid.</strong></span> <span class='ocrx_word' id='word_1_247' title='bbox 1690 3086 1855 3149; x_wconf 88' lang='lat' dir='ltr'><strong>quint.</strong></span> <span class='ocrx_word' id='word_1_248' title='bbox 1874 3088 2070 3135; x_wconf 72' lang='lat' dir='ltr'><strong>ducrum</strong></span> <span class='ocrx_word' id='word_1_249' title='bbox 2091 3101 2154 3135; x_wconf 73' lang='lat' dir='ltr'><strong>ex</strong></span> <span class='ocrx_word' id='word_1_250' title='bbox 2167 3087 2570 3150; x_wconf 74' lang='lat' dir='ltr'><strong>quadraginta.—</strong></span> 
     </span>
     <span class='ocr_line' id='line_1_30' title="bbox 388 3148 2570 3212; baseline 0.001 -18"><span class='ocrx_word' id='word_1_251' title='bbox 388 3150 450 3195; x_wconf 76' lang='lat'><strong>21</strong></span> <span class='ocrx_word' id='word_1_252' title='bbox 486 3148 636 3209; x_wconf 87' lang='lat' dir='ltr'><strong>Pigh.</strong></span> <span class='ocrx_word' id='word_1_253' title='bbox 673 3150 815 3212; x_wconf 79' lang='lat' dir='ltr'><strong>Lips.</strong></span> <span class='ocrx_word' id='word_1_254' title='bbox 838 3156 895 3199; x_wconf 83' lang='lat' dir='ltr'><strong>et</strong></span> <span class='ocrx_word' id='word_1_255' title='bbox 916 3151 1086 3200; x_wconf 89' lang='lat' dir='ltr'><strong>Coler.</strong></span> <span class='ocrx_word' id='word_1_256' title='bbox 1106 3166 1161 3200; x_wconf 74' lang='lat' dir='ltr'><strong>au</strong></span> <span class='ocrx_word' id='word_1_257' title='bbox 1212 3152 1319 3200; x_wconf 75' lang='lat' dir='ltr'><strong>titit</strong></span> <span class='ocrx_word' id='word_1_258' title='bbox 1338 3166 1358 3207; x_wconf 89' lang='lat'><strong>,·</strong></span> <span class='ocrx_word' id='word_1_259' title='bbox 1392 3150 1623 3200; x_wconf 89' lang='lat' dir='ltr'><strong>nonnulli</strong></span> <span class='ocrx_word' id='word_1_260' title='bbox 1645 3150 1800 3198; x_wconf 84' lang='lat' dir='ltr'><strong>codd.</strong></span> <span class='ocrx_word' id='word_1_261' title='bbox 1825 3164 1940 3198; x_wconf 88' lang='lat' dir='ltr'><strong>cum</strong></span> <span class='ocrx_word' id='word_1_262' title='bbox 1964 3151 2086 3199; x_wconf 84' lang='lat' dir='ltr'><strong>Vet.</strong></span> <span class='ocrx_word' id='word_1_263' title='bbox 2103 3150 2375 3200; x_wconf 68' lang='lat' dir='ltr'><strong>substinuit.</strong></span> <span class='ocrx_word' id='word_1_264' title='bbox 2439 3152 2570 3200; x_wconf 84' lang='lat' dir='ltr'><strong>Mox</strong></span> 
     </span>
     <span class='ocr_line' id='line_1_31' title="bbox 387 3212 2571 3276; baseline 0.003 -19"><span class='ocrx_word' id='word_1_265' title='bbox 387 3214 624 3259; x_wconf 67' lang='lat' dir='ltr'><strong>tonsorum</strong></span> <span class='ocrx_word' id='word_1_266' title='bbox 640 3227 816 3276; x_wconf 73' lang='lat' dir='ltr'><strong>qnoque</strong></span> <span class='ocrx_word' id='word_1_267' title='bbox 838 3215 1016 3263; x_wconf 83' lang='lat' dir='ltr'><strong>Vorst.</strong></span> <span class='ocrx_word' id='word_1_268' title='bbox 1034 3221 1090 3263; x_wconf 89' lang='lat' dir='ltr'><strong>et</strong></span> <span class='ocrx_word' id='word_1_269' title='bbox 1108 3216 1323 3264; x_wconf 78' lang='lat' dir='ltr'><strong>Tor-ren.</strong></span> <span class='ocrx_word' id='word_1_270' title='bbox 1346 3229 1411 3263; x_wconf 87' lang='lat' dir='ltr'><strong>ex</strong></span> <span class='ocrx_word' id='word_1_271' title='bbox 1428 3213 1627 3261; x_wconf 86' lang='lat' dir='ltr'><strong>Brand.</strong></span> <span class='ocrx_word' id='word_1_272' title='bbox 1651 3218 1696 3260; x_wconf 85' lang='lat'><strong>1.</strong></span> <span class='ocrx_word' id='word_1_273' title='bbox 1715 3218 1765 3262; x_wconf 79' lang='lat'><strong>2.</strong></span> <span class='ocrx_word' id='word_1_274' title='bbox 1789 3219 1845 3261; x_wconf 83' lang='lat' dir='ltr'><strong>et</strong></span> <span class='ocrx_word' id='word_1_275' title='bbox 1864 3212 2100 3262; x_wconf 81' lang='lat' dir='ltr'><strong>undecim</strong></span> <span class='ocrx_word' id='word_1_276' title='bbox 2123 3214 2253 3275; x_wconf 80' lang='lat' dir='ltr'><strong>aliis,</strong></span> <span class='ocrx_word' id='word_1_277' title='bbox 2273 3228 2388 3262; x_wconf 87' lang='lat' dir='ltr'><strong>cum</strong></span> <span class='ocrx_word' id='word_1_278' title='bbox 2410 3213 2571 3264; x_wconf 89' lang='lat' dir='ltr'><strong>Aldd.</strong></span> 
     </span>
     <span class='ocr_line' id='line_1_32' title="bbox 388 3273 2572 3342; baseline 0.003 -21"><span class='ocrx_word' id='word_1_279' title='bbox 388 3273 553 3324; x_wconf 88' lang='lat' dir='ltr'><strong>Colin.</strong></span> <span class='ocrx_word' id='word_1_280' title='bbox 573 3275 775 3341; x_wconf 84' lang='lat' dir='ltr'><strong>Grypb.</strong></span> <span class='ocrx_word' id='word_1_281' title='bbox 792 3284 849 3327; x_wconf 85' lang='lat' dir='ltr'><strong>et</strong></span> <span class='ocrx_word' id='word_1_282' title='bbox 865 3278 1047 3340; x_wconf 87' lang='lat' dir='ltr'><strong>Steph.</strong></span> <span class='ocrx_word' id='word_1_283' title='bbox 1072 3280 1123 3326; x_wconf 92' lang='lat' dir='ltr'><strong>in</strong></span> <span class='ocrx_word' id='word_1_284' title='bbox 1145 3278 1330 3342; x_wconf 79' lang='lat' dir='ltr'><strong>quibus</strong></span> <span class='ocrx_word' id='word_1_285' title='bbox 1350 3283 1571 3342; x_wconf 86' lang='lat' dir='ltr'><strong>quatuor</strong></span> <span class='ocrx_word' id='word_1_286' title='bbox 1594 3275 1715 3324; x_wconf 86' lang='lat' dir='ltr'><strong>edd.</strong></span> <span class='ocrx_word' id='word_1_287' title='bbox 1737 3276 1892 3324; x_wconf 83' lang='lat' dir='ltr'><strong>etiam</strong></span> <span class='ocrx_word' id='word_1_288' title='bbox 1914 3277 2116 3337; x_wconf 74' lang='lat' dir='ltr'><strong>edocuit,</strong></span> <span class='ocrx_word' id='word_1_289' title='bbox 2129 3291 2322 3339; x_wconf 68' lang='lat' dir='ltr'><strong>quanm</strong></span> <span class='ocrx_word' id='word_1_290' title='bbox 2339 3278 2572 3340; x_wconf 66' lang='lat' dir='ltr'><strong>ipsarum,</strong></span> 
     </span>
     <span class='ocr_line' id='line_1_33' title="bbox 384 3340 2568 3405; baseline 0.002 -20"><span class='ocrx_word' id='word_1_291' title='bbox 384 3342 652 3400; x_wconf 67' lang='lat' dir='ltr'><strong>postquam,</strong></span> <span class='ocrx_word' id='word_1_292' title='bbox 669 3344 751 3403; x_wconf 58' lang='lat' dir='ltr'><strong>&amp;a</strong></span> <span class='ocrx_word' id='word_1_293' title='bbox 804 3341 1014 3404; x_wconf 79' lang='lat' dir='ltr'><strong>Pighius</strong></span> <span class='ocrx_word' id='word_1_294' title='bbox 1028 3343 1237 3405; x_wconf 73' lang='lat' dir='ltr'><strong>ipsarum</strong></span> <span class='ocrx_word' id='word_1_295' title='bbox 1258 3340 1533 3403; x_wconf 81' lang='lat' dir='ltr'><strong>expunxit,</strong></span> <span class='ocrx_word' id='word_1_296' title='bbox 1556 3352 1778 3403; x_wconf 85' lang='lat' dir='ltr'><strong>eumque</strong></span> <span class='ocrx_word' id='word_1_297' title='bbox 1798 3340 1965 3387; x_wconf 79' lang='lat' dir='ltr'><strong>secuti</strong></span> <span class='ocrx_word' id='word_1_298' title='bbox 1983 3346 2104 3387; x_wconf 82' lang='lat' dir='ltr'><strong>sunt</strong></span> <span class='ocrx_word' id='word_1_299' title='bbox 2127 3341 2296 3390; x_wconf 80' lang='lat' dir='ltr'><strong>Coler.</strong></span> <span class='ocrx_word' id='word_1_300' title='bbox 2317 3351 2374 3393; x_wconf 65' lang='lat' dir='ltr'><strong>es</strong></span> <span class='ocrx_word' id='word_1_301' title='bbox 2393 3342 2568 3391; x_wconf 76' lang='lat' dir='ltr'><strong>Vorst.</strong></span> 
     </span>
     <span class='ocr_line' id='line_1_34' title="bbox 388 3402 2568 3471; baseline 0.002 -25"><span class='ocrx_word' id='word_1_302' title='bbox 388 3402 652 3450; x_wconf 82' lang='lat' dir='ltr'><strong>revocavit</strong></span> <span class='ocrx_word' id='word_1_303' title='bbox 672 3403 887 3463; x_wconf 87' lang='lat' dir='ltr'><strong>Torren.</strong></span> <span class='ocrx_word' id='word_1_304' title='bbox 916 3406 1197 3471; x_wconf 72' lang='lat' dir='ltr'><strong>secundum</strong></span> <span class='ocrx_word' id='word_1_305' title='bbox 1231 3404 1383 3454; x_wconf 85' lang='lat' dir='ltr'><strong>codd.</strong></span> <span class='ocrx_word' id='word_1_306' title='bbox 1422 3402 1821 3453; x_wconf 67' lang='lat' dir='ltr'><strong>tredecim—22</strong></span> <span class='ocrx_word' id='word_1_307' title='bbox 1865 3402 1950 3451; x_wconf 84' lang='lat' dir='ltr'><strong>Ita</strong></span> <span class='ocrx_word' id='word_1_308' title='bbox 1984 3403 2136 3465; x_wconf 84' lang='lat' dir='ltr'><strong>Pigh.</strong></span> <span class='ocrx_word' id='word_1_309' title='bbox 2174 3418 2239 3453; x_wconf 86' lang='lat' dir='ltr'><strong>ex</strong></span> <span class='ocrx_word' id='word_1_310' title='bbox 2278 3404 2526 3453; x_wconf 85' lang='lat' dir='ltr'><strong>Cicerone</strong></span> <span class='ocrx_word' id='word_1_311' title='bbox 2551 3419 2568 3451; x_wconf 75' lang='lat' dir='ltr'><strong><em>z</em></strong></span> 
     </span>
     <span class='ocr_line' id='line_1_35' title="bbox 388 3460 2572 3531; baseline 0.003 -22"><span class='ocrx_word' id='word_1_312' title='bbox 388 3460 555 3512; x_wconf 77' lang='lat' dir='ltr'><strong>Aldus</strong></span> <span class='ocrx_word' id='word_1_313' title='bbox 572 3478 697 3513; x_wconf 83' lang='lat' dir='ltr'><strong>vero</strong></span> <span class='ocrx_word' id='word_1_314' title='bbox 710 3481 723 3514; x_wconf 77' lang='lat' dir='ltr'>z</span> <span class='ocrx_word' id='word_1_315' title='bbox 732 3468 1037 3528; x_wconf 64' lang='lat' dir='ltr'><strong>,iuglandium</strong></span> <span class='ocrx_word' id='word_1_316' title='bbox 1052 3474 1137 3517; x_wconf 76' lang='lat' dir='ltr'><strong>aut</strong></span> <span class='ocrx_word' id='word_1_317' title='bbox 1150 3479 1319 3521; x_wconf 65' lang='lat' dir='ltr'><strong>numm</strong></span> <span class='ocrx_word' id='word_1_318' title='bbox 1327 3466 1650 3531; x_wconf 68' lang='lat' dir='ltr'><strong>putaminibus</strong></span> <span class='ocrx_word' id='word_1_319' title='bbox 1657 3480 1678 3523; x_wconf 78' lang='lat'><strong>,-</strong></span> <span class='ocrx_word' id='word_1_320' title='bbox 1699 3466 1834 3514; x_wconf 86' lang='lat' dir='ltr'><strong>Dan.</strong></span> <span class='ocrx_word' id='word_1_321' title='bbox 1854 3480 2022 3515; x_wconf 73' lang='lat' dir='ltr'><strong>nucum</strong></span> <span class='ocrx_word' id='word_1_322' title='bbox 2029 3466 2334 3527; x_wconf 73' lang='lat' dir='ltr'><strong>juglandium</strong></span> <span class='ocrx_word' id='word_1_323' title='bbox 2347 3482 2367 3526; x_wconf 89' lang='lat'><strong>,·</strong></span> <span class='ocrx_word' id='word_1_324' title='bbox 2389 3468 2572 3517; x_wconf 79' lang='lat' dir='ltr'><strong>Vorst-</strong></span> 
     </span>
    </p>
   </div>
   <div class='ocr_carea' id='block_1_7' title="bbox 1369 3618 1582 3670">
    <p class='ocr_par' dir='ltr' id='par_1_8' title="bbox 1369 3618 1582 3670">
     <span class='ocr_line' id='line_1_36' title="bbox 1369 3618 1582 3670; baseline -0.005 0"><span class='ocrx_word' id='word_1_325' title='bbox 1369 3620 1419 3669; x_wconf 84' lang='lat' dir='ltr'>N</span> <span class='ocrx_word' id='word_1_326' title='bbox 1425 3618 1582 3670; x_wconf 77' lang='lat' dir='ltr'>0⁶1·AE</span> 
     </span>
    </p>
   </div>
   <div class='ocr_carea' id='block_1_8' title="bbox 448 3723 2658 3797">
    <p class='ocr_par' dir='ltr' id='par_1_9' title="bbox 448 3723 2658 3797">
     <span class='ocr_line' id='line_1_37' title="bbox 448 3723 2658 3797; baseline 0.004 -23"><span class='ocrx_word' id='word_1_327' title='bbox 448 3730 473 3757; x_wconf 81' lang='lat'>⁸</span> <span class='ocrx_word' id='word_1_328' title='bbox 508 3723 804 3788; x_wconf 65' lang='lat' dir='ltr'><strong>Alexander]</strong></span> <span class='ocrx_word' id='word_1_329' title='bbox 848 3726 1117 3789; x_wconf 74' lang='lat' dir='ltr'><strong>Pheroeus,</strong></span> <span class='ocrx_word' id='word_1_330' title='bbox 1152 3744 1183 3777; x_wconf 85' lang='lat' dir='ltr'><strong>a</strong></span> <span class='ocrx_word' id='word_1_331' title='bbox 1218 3729 1438 3779; x_wconf 77' lang='lat' dir='ltr'><strong>Pberaea</strong></span> <span class='ocrx_word' id='word_1_332' title='bbox 1517 3735 1628 3779; x_wconf 83' lang='lat' dir='ltr'><strong>tum</strong></span> <span class='ocrx_word' id='word_1_333' title='bbox 1648 3743 1750 3779; x_wconf 91' lang='lat' dir='ltr'><strong>non</strong></span> <span class='ocrx_word' id='word_1_334' title='bbox 1770 3729 1836 3777; x_wconf 84' lang='lat' dir='ltr'><strong>ad</strong></span> <span class='ocrx_word' id='word_1_335' title='bbox 1853 3728 2066 3779; x_wconf 83' lang='lat' dir='ltr'><strong>verbnm</strong></span> <span class='ocrx_word' id='word_1_336' title='bbox 2082 3744 2150 3779; x_wconf 85' lang='lat' dir='ltr'><strong>ex</strong></span> <span class='ocrx_word' id='word_1_337' title='bbox 2164 3729 2410 3779; x_wconf 82' lang='lat' dir='ltr'><strong>Cicerone</strong></span> <span class='ocrx_word' id='word_1_338' title='bbox 2421 3728 2572 3781; x_wconf 75' lang='lat' dir='ltr'><strong>Tuae.</strong></span> <span class='ocrx_word' id='word_1_339' title='bbox 2652 3794 2658 3797; x_wconf 78' lang='lat'><strong>.</strong></span> 
     </span>
    </p>
   </div>
   <div class='ocr_carea' id='block_1_9' title="bbox 384 3800 2574 4243">
    <p class='ocr_par' dir='ltr' id='par_1_10' title="bbox 384 3800 2098 3865">
     <span class='ocr_line' id='line_1_38' title="bbox 384 3800 2098 3865; baseline 0 -14"><span class='ocrx_word' id='word_1_340' title='bbox 384 3800 619 3861; x_wconf 81' lang='lat' dir='ltr'><strong>civitate,</strong></span> <span class='ocrx_word' id='word_1_341' title='bbox 670 3800 759 3849; x_wconf 89' lang='lat' dir='ltr'><strong>ubi</strong></span> <span class='ocrx_word' id='word_1_342' title='bbox 812 3801 1101 3865; x_wconf 82' lang='lat' dir='ltr'><strong>imperabat</strong></span> <span class='ocrx_word' id='word_1_343' title='bbox 1124 3818 1139 3851; x_wconf 72' lang='lat' dir='ltr'>z</span> <span class='ocrx_word' id='word_1_344' title='bbox 1194 3803 1331 3852; x_wconf 81' lang='lat' dir='ltr'><strong>unde</strong></span> <span class='ocrx_word' id='word_1_345' title='bbox 1384 3804 1437 3851; x_wconf 88' lang='lat' dir='ltr'><strong>in</strong></span> <span class='ocrx_word' id='word_1_346' title='bbox 1516 3802 1608 3851; x_wconf 90' lang='lat' dir='ltr'><strong>lib.</strong></span> <span class='ocrx_word' id='word_1_347' title='bbox 1632 3816 1686 3852; x_wconf 82' lang='lat' dir='ltr'><strong>v.</strong></span> <span class='ocrx_word' id='word_1_348' title='bbox 1711 3803 1978 3852; x_wconf 79' lang='lat' dir='ltr'><strong>desumtus</strong></span> <span class='ocrx_word' id='word_1_349' title='bbox 2001 3811 2098 3851; x_wconf 83' lang='lat' dir='ltr'><strong>est.</strong></span> 
     </span>
    </p>

    <p class='ocr_par' dir='ltr' id='par_1_11' title="bbox 384 3874 2572 3941">
     <span class='ocr_line' id='line_1_39' title="bbox 384 3874 2572 3941; baseline 0.003 -19"><span class='ocrx_word' id='word_1_350' title='bbox 384 3874 652 3923; x_wconf 77' lang='lat' dir='ltr'><strong>Thessalos</strong></span> <span class='ocrx_word' id='word_1_351' title='bbox 668 3888 845 3923; x_wconf 81' lang='lat' dir='ltr'><strong>omnes</strong></span> <span class='ocrx_word' id='word_1_352' title='bbox 860 3890 1104 3925; x_wconf 80' lang='lat' dir='ltr'><strong>summam</strong></span> <span class='ocrx_word' id='word_1_353' title='bbox 1127 3885 1439 3940; x_wconf 79' lang='lat' dir='ltr'><strong>potestatem</strong></span> <span class='ocrx_word' id='word_1_354' title='bbox 1581 3885 1607 3919; x_wconf 72' lang='lat' dir='ltr'><strong>t</strong></span> <span class='ocrx_word' id='word_1_355' title='bbox 1635 3876 1972 3939; x_wconf 68' lang='lat' dir='ltr'><strong>Jnglandium]</strong></span> <span class='ocrx_word' id='word_1_356' title='bbox 2022 3877 2142 3927; x_wconf 82' lang='lat' dir='ltr'><strong>Sive</strong></span> <span class='ocrx_word' id='word_1_357' title='bbox 2181 3893 2212 3926; x_wconf 86' lang='lat' dir='ltr'><strong>a</strong></span> <span class='ocrx_word' id='word_1_358' title='bbox 2243 3878 2478 3941; x_wconf 83' lang='lat' dir='ltr'><strong>juvando</strong></span> <span class='ocrx_word' id='word_1_359' title='bbox 2515 3886 2572 3930; x_wconf 77' lang='lat' dir='ltr'><strong>et</strong></span> 
     </span>
    </p>

    <p class='ocr_par' dir='ltr' id='par_1_12' title="bbox 385 3948 2574 4092">
     <span class='ocr_line' id='line_1_40' title="bbox 385 3948 2572 4017; baseline 0.004 -21"><span class='ocrx_word' id='word_1_360' title='bbox 385 3948 485 3997; x_wconf 79' lang='lat' dir='ltr'><strong>sibi</strong></span> <span class='ocrx_word' id='word_1_361' title='bbox 504 3948 800 3999; x_wconf 82' lang='lat' dir='ltr'><strong>vindicavit.</strong></span> <span class='ocrx_word' id='word_1_362' title='bbox 1518 3952 1722 4014; x_wconf 79' lang='lat' dir='ltr'><strong>glande,</strong></span> <span class='ocrx_word' id='word_1_363' title='bbox 1756 3958 1814 4000; x_wconf 88' lang='lat' dir='ltr'><strong>ut</strong></span> <span class='ocrx_word' id='word_1_364' title='bbox 1848 3951 2056 4001; x_wconf 82' lang='lat' dir='ltr'><strong>videtur</strong></span> <span class='ocrx_word' id='word_1_365' title='bbox 2094 3954 2297 4015; x_wconf 86' lang='lat' dir='ltr'><strong>Nonio;</strong></span> <span class='ocrx_word' id='word_1_366' title='bbox 2346 3955 2470 4017; x_wconf 79' lang='lat' dir='ltr'><strong>sive,</strong></span> <span class='ocrx_word' id='word_1_367' title='bbox 2512 3963 2572 4005; x_wconf 84' lang='lat' dir='ltr'><strong>ut</strong></span> 
     </span>
     <span class='ocr_line' id='line_1_41' title="bbox 450 4023 2574 4092; baseline 0.004 -20"><span class='ocrx_word' id='word_1_368' title='bbox 450 4033 475 4084; x_wconf 56' lang='grc' dir='ltr'><strong>ξ</strong></span> <span class='ocrx_word' id='word_1_369' title='bbox 497 4023 597 4073; x_wconf 89' lang='lat' dir='ltr'><strong>An.</strong></span> <span class='ocrx_word' id='word_1_370' title='bbox 618 4025 696 4074; x_wconf 89' lang='lat' dir='ltr'><strong>M.</strong></span> <span class='ocrx_word' id='word_1_371' title='bbox 720 4026 867 4077; x_wconf 69' lang='lat'><strong>3692.</strong></span> <span class='ocrx_word' id='word_1_372' title='bbox 902 4026 990 4076; x_wconf 90' lang='lat'><strong>01.</strong></span> <span class='ocrx_word' id='word_1_373' title='bbox 1015 4031 1127 4079; x_wconf 82' lang='lat'><strong>104.</strong></span> <span class='ocrx_word' id='word_1_374' title='bbox 1148 4031 1197 4076; x_wconf 75' lang='lat'><strong>3.</strong></span> <span class='ocrx_word' id='word_1_375' title='bbox 1230 4026 1358 4077; x_wconf 89' lang='lat' dir='ltr'><strong>Urb.</strong></span> <span class='ocrx_word' id='word_1_376' title='bbox 1377 4026 1438 4077; x_wconf 86' lang='lat' dir='ltr'><strong>C.</strong></span> <span class='ocrx_word' id='word_1_377' title='bbox 1519 4027 1632 4076; x_wconf 83' lang='lat' dir='ltr'><strong>vult</strong></span> <span class='ocrx_word' id='word_1_378' title='bbox 1643 4025 1867 4075; x_wconf 73' lang='lat' dir='ltr'><strong>Gravius</strong></span> <span class='ocrx_word' id='word_1_379' title='bbox 1883 4026 2280 4090; x_wconf 74' lang='lat' dir='ltr'><strong>Bassus‚aJove</strong></span> <span class='ocrx_word' id='word_1_380' title='bbox 2294 4035 2351 4078; x_wconf 84' lang='lat' dir='ltr'><strong>et</strong></span> <span class='ocrx_word' id='word_1_381' title='bbox 2366 4030 2574 4092; x_wconf 78' lang='lat' dir='ltr'><strong>glande,</strong></span> 
     </span>
    </p>

    <p class='ocr_par' dir='ltr' id='par_1_13' title="bbox 387 4098 2574 4243">
     <span class='ocr_line' id='line_1_42' title="bbox 387 4098 2562 4165; baseline 0.003 -18"><span class='ocrx_word' id='word_1_382' title='bbox 387 4102 504 4147; x_wconf 70' lang='lat'><strong>391.</strong></span> <span class='ocrx_word' id='word_1_383' title='bbox 536 4098 659 4150; x_wconf 88' lang='lat' dir='ltr'><strong>Aut.</strong></span> <span class='ocrx_word' id='word_1_384' title='bbox 683 4100 776 4150; x_wconf 83' lang='lat' dir='ltr'><strong>Cb.</strong></span> <span class='ocrx_word' id='word_1_385' title='bbox 801 4104 913 4151; x_wconf 74' lang='lat'><strong>361.</strong></span> <span class='ocrx_word' id='word_1_386' title='bbox 1517 4100 1663 4163; x_wconf 84' lang='lat' dir='ltr'><strong>quasi</strong></span> <span class='ocrx_word' id='word_1_387' title='bbox 1701 4100 1849 4151; x_wconf 81' lang='lat' dir='ltr'><strong>Jovis</strong></span> <span class='ocrx_word' id='word_1_388' title='bbox 1887 4101 2052 4164; x_wconf 74' lang='lat' dir='ltr'><strong>glans,</strong></span> <span class='ocrx_word' id='word_1_389' title='bbox 2077 4102 2290 4165; x_wconf 76' lang='lat' dir='ltr'><strong>juglans</strong></span> <span class='ocrx_word' id='word_1_390' title='bbox 2326 4102 2562 4153; x_wconf 84' lang='lat' dir='ltr'><strong>dicatur:</strong></span> 
     </span>
     <span class='ocr_line' id='line_1_43' title="bbox 451 4169 2574 4243; baseline 0.003 -22"><span class='ocrx_word' id='word_1_391' title='bbox 451 4169 470 4203; x_wconf 76' lang='lat'><strong><em>¹</em></strong></span> <span class='ocrx_word' id='word_1_392' title='bbox 494 4172 997 4240; x_wconf 65' lang='lat' dir='ltr'><strong>Duodequadraginta]</strong></span> <span class='ocrx_word' id='word_1_393' title='bbox 1036 4175 1142 4227; x_wconf 86' lang='lat' dir='ltr'><strong>Hic</strong></span> <span class='ocrx_word' id='word_1_394' title='bbox 1163 4176 1307 4227; x_wconf 76' lang='lat' dir='ltr'><strong>locus</strong></span> <span class='ocrx_word' id='word_1_395' title='bbox 1327 4180 1439 4225; x_wconf 83' lang='lat' dir='ltr'><strong>tan·</strong></span> <span class='ocrx_word' id='word_1_396' title='bbox 1515 4175 1656 4225; x_wconf 81' lang='lat' dir='ltr'><strong>illins</strong></span> <span class='ocrx_word' id='word_1_397' title='bbox 1671 4181 1816 4225; x_wconf 80' lang='lat' dir='ltr'><strong>certe</strong></span> <span class='ocrx_word' id='word_1_398' title='bbox 1835 4176 2116 4240; x_wconf 81' lang='lat' dir='ltr'><strong>putamina,</strong></span> <span class='ocrx_word' id='word_1_399' title='bbox 2131 4191 2193 4226; x_wconf 84' lang='lat' dir='ltr'><strong>eo</strong></span> <span class='ocrx_word' id='word_1_400' title='bbox 2206 4178 2341 4241; x_wconf 88' lang='lat' dir='ltr'><strong>quod</strong></span> <span class='ocrx_word' id='word_1_401' title='bbox 2360 4179 2574 4243; x_wconf 77' lang='lat' dir='ltr'><strong>pinguia</strong></span> 
     </span>
    </p>
   </div>
  </div>
 </body>
</html>
