<?xml version="1.0" encoding="UTF-8"?>
<!DOCTYPE html PUBLIC "-//W3C//DTD XHTML 1.0 Transitional//EN"
    "http://www.w3.org/TR/xhtml1/DTD/xhtml1-transitional.dtd">
<html xmlns="http://www.w3.org/1999/xhtml" xml:lang="en" lang="en">
 <head>
  <title>
</title>
<meta http-equiv="Content-Type" content="text/html;charset=utf-8" />
  <meta name='ocr-system' content='tesseract 3.04.00' />
  <meta name='ocr-capabilities' content='ocr_page ocr_carea ocr_par ocr_line ocrx_word'/>
</head>
<body>
  <div class='ocr_page' id='page_1' title='image "./valeriimaximifa02maxigoog_0386.png"; bbox 0 0 3144 4925; ppageno 0'>
   <div class='ocr_carea' id='block_1_1' title="bbox 538 385 2150 452">
    <p class='ocr_par' dir='ltr' id='par_1_1' title="bbox 538 385 2150 452">
     <span class='ocr_line' id='line_1_1' title="bbox 538 385 2150 452; baseline -0.001 0"><span class='ocrx_word' id='word_1_1' title='bbox 538 385 675 452; x_wconf 76' lang='lat'><strong>840</strong></span> <span class='ocrx_word' id='word_1_2' title='bbox 1142 395 1453 448; x_wconf 61' lang='lat' dir='ltr'><strong>vsnssnn</strong></span> <span class='ocrx_word' id='word_1_3' title='bbox 1504 399 1797 447; x_wconf 58' lang='lat' dir='ltr'><strong>maximi</strong></span> <span class='ocrx_word' id='word_1_4' title='bbox 1849 395 1993 448; x_wconf 76' lang='lat' dir='ltr'><strong>mn.</strong></span> <span class='ocrx_word' id='word_1_5' title='bbox 2041 393 2150 451; x_wconf 74' lang='grc' dir='ltr'><strong>ιΧ.</strong></span> 
     </span>
    </p>
   </div>
   <div class='ocr_carea' id='block_1_2' title="bbox 534 531 2754 1240">
    <p class='ocr_par' dir='ltr' id='par_1_2' title="bbox 534 531 2754 1240">
     <span class='ocr_line' id='line_1_2' title="bbox 536 531 2744 630; baseline 0.001 -20"><span class='ocrx_word' id='word_1_6' title='bbox 536 543 977 610; x_wconf 81' lang='lat' dir='ltr'><strong>sanctissimo</strong></span> <span class='ocrx_word' id='word_1_7' title='bbox 1006 543 1241 608; x_wconf 88' lang='lat' dir='ltr'><strong>Persis</strong></span> <span class='ocrx_word' id='word_1_8' title='bbox 1261 545 1695 628; x_wconf 81' lang='lat' dir='ltr'><strong>jurejurando</strong></span> <span class='ocrx_word' id='word_1_9' title='bbox 1718 546 2101 624; x_wconf 84' lang='lat' dir='ltr'><strong>obstrictus,</strong></span> <span class='ocrx_word' id='word_1_10' title='bbox 2129 563 2213 609; x_wconf 90' lang='lat' dir='ltr'><strong>ne</strong></span> <span class='ocrx_word' id='word_1_11' title='bbox 2242 531 2438 630; x_wconf 60' lang='lat' dir='ltr'><strong>{luem</strong></span> <span class='ocrx_word' id='word_1_12' title='bbox 2463 567 2551 612; x_wconf 87' lang='lat' dir='ltr'><strong>ex</strong></span> <span class='ocrx_word' id='word_1_13' title='bbox 2579 567 2744 612; x_wconf 84' lang='lat' dir='ltr'><strong>con-</strong></span> 
     </span>
     <span class='ocr_line' id='line_1_3' title="bbox 534 645 2747 734; baseline 0.001 -23"><span class='ocrx_word' id='word_1_14' title='bbox 534 647 901 734; x_wconf 80' lang='lat' dir='ltr'><strong>juratione,</strong></span> <span class='ocrx_word' id='word_1_15' title='bbox 953 665 1109 728; x_wconf 80' lang='lat' dir='ltr'><strong>quae</strong></span> <span class='ocrx_word' id='word_1_16' title='bbox 1152 653 1407 730; x_wconf 83' lang='lat' dir='ltr'><strong>septem</strong></span> <span class='ocrx_word' id='word_1_17' title='bbox 1454 645 1701 728; x_wconf 81' lang='lat' dir='ltr'><strong>Magos</strong></span> <span class='ocrx_word' id='word_1_18' title='bbox 1751 665 1907 712; x_wconf 88' lang='lat' dir='ltr'><strong>cum</strong></span> <span class='ocrx_word' id='word_1_19' title='bbox 1955 667 2038 712; x_wconf 92' lang='lat' dir='ltr'><strong>eo</strong></span> <span class='ocrx_word' id='word_1_20' title='bbox 2067 646 2586 731; x_wconf 78' lang='lat' dir='ltr'><strong>oppresserat,4⁶</strong></span> <span class='ocrx_word' id='word_1_21' title='bbox 2629 653 2747 714; x_wconf 83' lang='lat' dir='ltr'><strong>aut</strong></span> 
     </span>
     <span class='ocr_line' id='line_1_4' title="bbox 540 748 2744 832; baseline 0.001 -19"><span class='ocrx_word' id='word_1_22' title='bbox 540 767 826 825; x_wconf 73' lang='lat' dir='ltr'><strong>-veneno,</strong></span> <span class='ocrx_word' id='word_1_23' title='bbox 850 754 971 812; x_wconf 84' lang='lat' dir='ltr'><strong>aut</strong></span> <span class='ocrx_word' id='word_1_24' title='bbox 996 748 1189 824; x_wconf 87' lang='lat' dir='ltr'><strong>ferro,</strong></span> <span class='ocrx_word' id='word_1_25' title='bbox 1216 754 1334 812; x_wconf 81' lang='lat' dir='ltr'><strong>aut</strong></span> <span class='ocrx_word' id='word_1_26' title='bbox 1360 749 1507 814; x_wconf 84' lang='lat' dir='ltr'><strong>ulla</strong></span> <span class='ocrx_word' id='word_1_27' title='bbox 1536 750 1628 826; x_wconf 80' lang='lat' dir='ltr'><strong>vi,</strong></span> <span class='ocrx_word' id='word_1_28' title='bbox 1657 756 1778 814; x_wconf 84' lang='lat' dir='ltr'><strong>aut</strong></span> <span class='ocrx_word' id='word_1_29' title='bbox 1799 749 2032 832; x_wconf 87' lang='lat' dir='ltr'><strong>inopia</strong></span> <span class='ocrx_word' id='word_1_30' title='bbox 2059 750 2518 815; x_wconf 76' lang='lat' dir='ltr'><strong>alimentorum</strong></span> <span class='ocrx_word' id='word_1_31' title='bbox 2548 771 2744 816; x_wconf 87' lang='lat' dir='ltr'><strong>neca-</strong></span> 
     </span>
     <span class='ocr_line' id='line_1_5' title="bbox 546 851 2749 934; baseline 0 -18"><span class='ocrx_word' id='word_1_32' title='bbox 546 858 670 928; x_wconf 88' lang='lat' dir='ltr'><strong>ret,</strong></span> <span class='ocrx_word' id='word_1_33' title='bbox 688 851 1122 915; x_wconf 83' lang='lat' dir='ltr'><strong>crudeliorem</strong></span> <span class='ocrx_word' id='word_1_34' title='bbox 1142 851 1377 914; x_wconf 88' lang='lat' dir='ltr'><strong>mortis</strong></span> <span class='ocrx_word' id='word_1_35' title='bbox 1408 851 1730 915; x_wconf 86' lang='lat' dir='ltr'><strong>rationem</strong></span> <span class='ocrx_word' id='word_1_36' title='bbox 1755 851 2185 933; x_wconf 79' lang='lat' dir='ltr'><strong>excogitavit,</strong></span> <span class='ocrx_word' id='word_1_37' title='bbox 2215 869 2352 934; x_wconf 83' lang='lat' dir='ltr'><strong>qua</strong></span> <span class='ocrx_word' id='word_1_38' title='bbox 2373 860 2749 917; x_wconf 80' lang='lat' dir='ltr'><strong>onerosos4⁷</strong></span> 
     </span>
     <span class='ocr_line' id='line_1_6' title="bbox 548 953 2750 1036; baseline 0 -19"><span class='ocrx_word' id='word_1_39' title='bbox 548 954 678 1017; x_wconf 85' lang='lat' dir='ltr'><strong>sibi</strong></span> <span class='ocrx_word' id='word_1_40' title='bbox 704 970 835 1016; x_wconf 88' lang='lat' dir='ltr'><strong>non</strong></span> <span class='ocrx_word' id='word_1_41' title='bbox 866 960 1189 1036; x_wconf 88' lang='lat' dir='ltr'><strong>perrupto</strong></span> <span class='ocrx_word' id='word_1_42' title='bbox 1220 953 1559 1035; x_wconf 79' lang='lat' dir='ltr'><strong>religionis</strong></span> <span class='ocrx_word' id='word_1_43' title='bbox 1589 954 1858 1018; x_wconf 85' lang='lat' dir='ltr'><strong>vinculo</strong></span> <span class='ocrx_word' id='word_1_44' title='bbox 1885 953 2195 1016; x_wconf 72' lang='lat' dir='ltr'><strong>tolleret-‘¹</strong></span> <span class='ocrx_word' id='word_1_45' title='bbox 2263 953 2556 1036; x_wconf 88' lang='lat' dir='ltr'><strong>Septum</strong></span> <span class='ocrx_word' id='word_1_46' title='bbox 2573 955 2750 1018; x_wconf 89' lang='lat' dir='ltr'><strong>enim</strong></span> 
     </span>
     <span class='ocr_line' id='line_1_7' title="bbox 552 1051 2754 1139; baseline -0 -21"><span class='ocrx_word' id='word_1_47' title='bbox 552 1051 713 1118; x_wconf 80' lang='lat' dir='ltr'><strong>altis</strong></span> <span class='ocrx_word' id='word_1_48' title='bbox 771 1054 1145 1137; x_wconf 84' lang='lat' dir='ltr'><strong>parietibus</strong></span> <span class='ocrx_word' id='word_1_49' title='bbox 1199 1054 1422 1119; x_wconf 87' lang='lat' dir='ltr'><strong>locum</strong></span> <span class='ocrx_word' id='word_1_50' title='bbox 1484 1056 1702 1119; x_wconf 90' lang='lat' dir='ltr'><strong>cinere</strong></span> <span class='ocrx_word' id='word_1_51' title='bbox 1753 1055 2147 1138; x_wconf 85' lang='lat' dir='ltr'><strong>complevit,</strong></span> <span class='ocrx_word' id='word_1_52' title='bbox 2195 1055 2678 1139; x_wconf 78' lang='lat' dir='ltr'><strong>suppositoque</strong></span> <span class='ocrx_word' id='word_1_53' title='bbox 2694 1055 2754 1102; x_wconf 81' lang='lat'><strong>4⁸</strong></span> 
     </span>
     <span class='ocr_line' id='line_1_8' title="bbox 552 1157 2752 1240; baseline 0 -19"><span class='ocrx_word' id='word_1_54' title='bbox 552 1159 743 1239; x_wconf 85' lang='lat' dir='ltr'><strong>tigno</strong></span> <span class='ocrx_word' id='word_1_55' title='bbox 772 1157 1215 1239; x_wconf 82' lang='lat' dir='ltr'><strong>prominente,</strong></span> <span class='ocrx_word' id='word_1_56' title='bbox 1264 1159 1553 1239; x_wconf 85' lang='lat' dir='ltr'><strong>benigne</strong></span> <span class='ocrx_word' id='word_1_57' title='bbox 1601 1158 1752 1221; x_wconf 90' lang='lat' dir='ltr'><strong>cibo</strong></span> <span class='ocrx_word' id='word_1_58' title='bbox 1801 1163 1869 1222; x_wconf 89' lang='lat' dir='ltr'><strong>et</strong></span> <span class='ocrx_word' id='word_1_59' title='bbox 1916 1159 2186 1240; x_wconf 88' lang='lat' dir='ltr'><strong>potione</strong></span> <span class='ocrx_word' id='word_1_60' title='bbox 2223 1161 2544 1240; x_wconf 82' lang='lat' dir='ltr'><strong>exceptos</strong></span> <span class='ocrx_word' id='word_1_61' title='bbox 2570 1158 2640 1219; x_wconf 82' lang='lat' dir='ltr'><strong>in</strong></span> <span class='ocrx_word' id='word_1_62' title='bbox 2663 1177 2752 1221; x_wconf 93' lang='lat' dir='ltr'><strong>eo</strong></span> 
     </span>
    </p>
   </div>
   <div class='ocr_carea' id='block_1_3' title="bbox 547 1259 2759 1426">
    <p class='ocr_par' dir='ltr' id='par_1_3' title="bbox 547 1259 2759 1426">
     <span class='ocr_line' id='line_1_9' title="bbox 547 1259 2759 1343; baseline -0.003 -17"><span class='ocrx_word' id='word_1_63' title='bbox 547 1261 969 1340; x_wconf 77' lang='lat' dir='ltr'><strong>collocabat3</strong></span> <span class='ocrx_word' id='word_1_64' title='bbox 1012 1279 1051 1324; x_wconf 92' lang='lat' dir='ltr'><strong>e</strong></span> <span class='ocrx_word' id='word_1_65' title='bbox 1080 1280 1215 1342; x_wconf 91' lang='lat' dir='ltr'><strong>quo</strong></span> <span class='ocrx_word' id='word_1_66' title='bbox 1244 1279 1480 1324; x_wconf 89' lang='lat' dir='ltr'><strong>somno</strong></span> <span class='ocrx_word' id='word_1_67' title='bbox 1508 1261 1738 1343; x_wconf 88' lang='lat' dir='ltr'><strong>sopiti,</strong></span> <span class='ocrx_word' id='word_1_68' title='bbox 1761 1260 1830 1323; x_wconf 92' lang='lat' dir='ltr'><strong>in</strong></span> <span class='ocrx_word' id='word_1_69' title='bbox 1861 1259 2052 1324; x_wconf 84' lang='lat' dir='ltr'><strong>illam</strong></span> <span class='ocrx_word' id='word_1_70' title='bbox 2083 1259 2481 1323; x_wconf 83' lang='lat' dir='ltr'><strong>insidiosam</strong></span> <span class='ocrx_word' id='word_1_71' title='bbox 2512 1277 2759 1340; x_wconf 84' lang='lat' dir='ltr'><strong>conge-</strong></span> 
     </span>
     <span class='ocr_line' id='line_1_10' title="bbox 554 1361 1202 1426; baseline -0.002 0"><span class='ocrx_word' id='word_1_72' title='bbox 554 1363 716 1426; x_wconf 80' lang='lat' dir='ltr'><strong>riem</strong></span> <span class='ocrx_word' id='word_1_73' title='bbox 747 1361 1202 1426; x_wconf 55' lang='lat' dir='ltr'><strong>decidebant?</strong></span> 
     </span>
    </p>
   </div>
   <div class='ocr_carea' id='block_1_4' title="bbox 547 1458 2761 1851">
    <p class='ocr_par' dir='ltr' id='par_1_4' title="bbox 547 1458 2761 1851">
     <span class='ocr_line' id='line_1_11' title="bbox 636 1458 2756 1545; baseline -0 -18"><span class='ocrx_word' id='word_1_74' title='bbox 636 1464 704 1527; x_wconf 76' lang='lat'><strong>⁰7.</strong></span> <span class='ocrx_word' id='word_1_75' title='bbox 751 1461 1137 1545; x_wconf 85' lang='lat' dir='ltr'><strong>Apertior⁴⁹</strong></span> <span class='ocrx_word' id='word_1_76' title='bbox 1180 1467 1247 1525; x_wconf 89' lang='lat' dir='ltr'><strong>et</strong></span> <span class='ocrx_word' id='word_1_77' title='bbox 1274 1463 1501 1526; x_wconf 88' lang='lat' dir='ltr'><strong>tetrior</strong></span> <span class='ocrx_word' id='word_1_78' title='bbox 1530 1464 1803 1527; x_wconf 86' lang='lat' dir='ltr'><strong>alterius</strong></span> <span class='ocrx_word' id='word_1_79' title='bbox 1855 1463 2030 1527; x_wconf 86' lang='lat' dir='ltr'><strong>Ochi</strong></span> <span class='ocrx_word' id='word_1_80' title='bbox 2075 1461 2464 1545; x_wconf 86' lang='lat' dir='ltr'><strong>cognomine</strong></span> <span class='ocrx_word' id='word_1_81' title='bbox 2505 1458 2756 1526; x_wconf 83' lang='lat' dir='ltr'><strong>Artax-</strong></span> 
     </span>
     <span class='ocr_line' id='line_1_12' title="bbox 548 1563 2756 1648; baseline -0.001 -20"><span class='ocrx_word' id='word_1_82' title='bbox 548 1564 740 1628; x_wconf 75' lang='lat' dir='ltr'><strong>erxis</strong></span> <span class='ocrx_word' id='word_1_83' title='bbox 758 1573 779 1600; x_wconf 84' lang='lat'><strong>¹</strong></span> <span class='ocrx_word' id='word_1_84' title='bbox 806 1564 1188 1643; x_wconf 78' lang='lat' dir='ltr'><strong>crudelitaS,</strong></span> <span class='ocrx_word' id='word_1_85' title='bbox 1209 1565 1323 1648; x_wconf 87' lang='lat' dir='ltr'><strong>qui</strong></span> <span class='ocrx_word' id='word_1_86' title='bbox 1346 1564 1604 1628; x_wconf 83' lang='lat' dir='ltr'><strong>Ocham</strong></span> <span class='ocrx_word' id='word_1_87' title='bbox 1629 1583 1939 1641; x_wconf 88' lang='lat' dir='ltr'><strong>sororem,</strong></span> <span class='ocrx_word' id='word_1_88' title='bbox 1960 1570 2160 1647; x_wconf 82' lang='lat' dir='ltr'><strong>atque</strong></span> <span class='ocrx_word' id='word_1_89' title='bbox 2180 1563 2456 1628; x_wconf 82' lang='lat' dir='ltr'><strong>eandem</strong></span> <span class='ocrx_word' id='word_1_90' title='bbox 2474 1583 2756 1640; x_wconf 87' lang='lat' dir='ltr'><strong>socrum,</strong></span> 
     </span>
     <span class='ocr_line' id='line_1_13' title="bbox 559 1666 2760 1751; baseline -0.001 -20"><span class='ocrx_word' id='word_1_91' title='bbox 559 1669 783 1731; x_wconf 80' lang='lat' dir='ltr'><strong>vivam</strong></span> <span class='ocrx_word' id='word_1_92' title='bbox 816 1668 1040 1751; x_wconf 84' lang='lat' dir='ltr'><strong>capite</strong></span> <span class='ocrx_word' id='word_1_93' title='bbox 1070 1666 1363 1730; x_wconf 85' lang='lat' dir='ltr'><strong>defodit:</strong></span> <span class='ocrx_word' id='word_1_94' title='bbox 1410 1672 1477 1730; x_wconf 90' lang='lat' dir='ltr'><strong>et</strong></span> <span class='ocrx_word' id='word_1_95' title='bbox 1520 1673 1829 1749; x_wconf 84' lang='lat' dir='ltr'><strong>patruum</strong></span> <span class='ocrx_word' id='word_1_96' title='bbox 1883 1684 2040 1730; x_wconf 88' lang='lat' dir='ltr'><strong>cum</strong></span> <span class='ocrx_word' id='word_1_97' title='bbox 2085 1671 2350 1730; x_wconf 88' lang='lat' dir='ltr'><strong>centum</strong></span> <span class='ocrx_word' id='word_1_98' title='bbox 2400 1666 2684 1749; x_wconf 83' lang='lat' dir='ltr'><strong>amplius</strong></span> <span class='ocrx_word' id='word_1_99' title='bbox 2703 1670 2760 1710; x_wconf 79' lang='lat'><strong>50</strong></span> 
     </span>
     <span class='ocr_line' id='line_1_14' title="bbox 547 1765 2761 1851; baseline 0 -18"><span class='ocrx_word' id='word_1_100' title='bbox 547 1769 717 1833; x_wconf 83' lang='lat' dir='ltr'><strong>-filiis</strong></span> <span class='ocrx_word' id='word_1_101' title='bbox 746 1787 827 1832; x_wconf 85' lang='lat' dir='ltr'><strong>ac</strong></span> <span class='ocrx_word' id='word_1_102' title='bbox 860 1769 1225 1851; x_wconf 82' lang='lat' dir='ltr'><strong>nepotibus</strong></span> <span class='ocrx_word' id='word_1_103' title='bbox 1254 1785 1471 1832; x_wconf 77' lang='lat' dir='ltr'><strong>vacua</strong></span> <span class='ocrx_word' id='word_1_104' title='bbox 1500 1788 1664 1833; x_wconf 84' lang='lat' dir='ltr'><strong>area·</strong></span> <span class='ocrx_word' id='word_1_105' title='bbox 1687 1768 2098 1844; x_wconf 88' lang='lat' dir='ltr'><strong>destitutum,</strong></span> <span class='ocrx_word' id='word_1_106' title='bbox 2136 1766 2389 1851; x_wconf 85' lang='lat' dir='ltr'><strong>jaculis</strong></span> <span class='ocrx_word' id='word_1_107' title='bbox 2437 1765 2761 1841; x_wconf 63' lang='lat' dir='ltr'><strong>confixit}</strong></span> 
     </span>
    </p>
   </div>
   <div class='ocr_carea' id='block_1_5' title="bbox 559 1957 2764 2073">
    <p class='ocr_par' dir='ltr' id='par_1_5' title="bbox 559 1957 2764 2073">
     <span class='ocr_line' id='line_1_15' title="bbox 559 1957 2764 2073; baseline -0.002 -63"><span class='ocrx_word' id='word_1_108' title='bbox 559 1957 789 2073; x_wconf 55' lang='grc' dir='ltr'>0οὲαὲιὲσέ</span> <span class='ocrx_word' id='word_1_109' title='bbox 806 1960 1016 2011; x_wconf 71' lang='lat' dir='ltr'><strong>homines</strong></span> <span class='ocrx_word' id='word_1_110' title='bbox 1037 1961 1164 2026; x_wconf 74' lang='lat' dir='ltr'><strong>illos,</strong></span> <span class='ocrx_word' id='word_1_111' title='bbox 1196 1962 1253 2010; x_wconf 84' lang='lat' dir='ltr'><strong>ob</strong></span> <span class='ocrx_word' id='word_1_112' title='bbox 1286 1961 1483 2012; x_wconf 68' lang='lat' dir='ltr'><strong>nimiam</strong></span> <span class='ocrx_word' id='word_1_113' title='bbox 1512 1961 1776 2024; x_wconf 71' lang='lat' dir='ltr'><strong>potentiam</strong></span> <span class='ocrx_word' id='word_1_114' title='bbox 1812 1959 1906 2009; x_wconf 73' lang='lat' dir='ltr'><strong>eibi</strong></span> <span class='ocrx_word' id='word_1_115' title='bbox 1935 1973 2129 2042; x_wconf 57' lang='lat' dir='ltr'><strong>gravet,</strong></span> <span class='ocrx_word' id='word_1_116' title='bbox 2157 1972 2253 2008; x_wconf 72' lang='lat' dir='ltr'><strong>m</strong></span> <span class='ocrx_word' id='word_1_117' title='bbox 2285 1957 2462 2008; x_wconf 63' lang='lat' dir='ltr'><strong>omo</strong></span> <span class='ocrx_word' id='word_1_118' title='bbox 2491 1957 2764 2018; x_wconf 66' lang='lat' dir='ltr'><strong>juram</strong></span> 
     </span>
    </p>
   </div>
   <div class='ocr_carea' id='block_1_6' title="bbox 1482 2115 1839 2137">
    <p class='ocr_par' dir='ltr' id='par_1_6' title="bbox 1482 2115 1839 2137">
     <span class='ocr_line' id='line_1_16' title="bbox 1482 2115 1839 2137; baseline 0.008 -3"><span class='ocrx_word' id='word_1_119' title='bbox 1482 2115 1839 2137; x_wconf 64' lang='lat' dir='ltr'><strong>OOOOOOOOOOOO</strong></span> 
     </span>
    </p>
   </div>
   <div class='ocr_carea' id='block_1_7' title="bbox 556 2222 2778 3383">
    <p class='ocr_par' dir='ltr' id='par_1_7' title="bbox 556 2222 2778 3383">
     <span class='ocr_line' id='line_1_17' title="bbox 564 2222 2765 2288; baseline -0.001 -16"><span class='ocrx_word' id='word_1_120' title='bbox 564 2239 743 2272; x_wconf 77' lang='lat' dir='ltr'><strong>summo</strong></span> <span class='ocrx_word' id='word_1_121' title='bbox 764 2239 962 2286; x_wconf 74' lang='lat' dir='ltr'><strong>quoque.-</strong></span> <span class='ocrx_word' id='word_1_122' title='bbox 998 2223 1049 2271; x_wconf 91' lang='lat' dir='ltr'><strong>in</strong></span> <span class='ocrx_word' id='word_1_123' title='bbox 1073 2223 1173 2273; x_wconf 83' lang='lat' dir='ltr'><strong>fine</strong></span> <span class='ocrx_word' id='word_1_124' title='bbox 1189 2225 1347 2273; x_wconf 83' lang='lat' dir='ltr'><strong>etiam</strong></span> <span class='ocrx_word' id='word_1_125' title='bbox 1369 2226 1617 2287; x_wconf 86' lang='lat' dir='ltr'><strong>nonnulli,</strong></span> <span class='ocrx_word' id='word_1_126' title='bbox 1639 2227 1786 2276; x_wconf 79' lang='lat' dir='ltr'><strong>armis</strong></span> <span class='ocrx_word' id='word_1_127' title='bbox 1808 2231 1855 2276; x_wconf 81' lang='lat' dir='ltr'><strong>et</strong></span> <span class='ocrx_word' id='word_1_128' title='bbox 1876 2227 2139 2288; x_wconf 77' lang='lat' dir='ltr'><strong>igne.-46</strong></span> <span class='ocrx_word' id='word_1_129' title='bbox 2173 2223 2189 2252; x_wconf 86' lang='lat'>‘</span> <span class='ocrx_word' id='word_1_130' title='bbox 2204 2224 2309 2273; x_wconf 88' lang='lat' dir='ltr'><strong>Hic</strong></span> <span class='ocrx_word' id='word_1_131' title='bbox 2332 2225 2470 2272; x_wconf 86' lang='lat' dir='ltr'><strong>locus</strong></span> <span class='ocrx_word' id='word_1_132' title='bbox 2493 2222 2765 2286; x_wconf 86' lang='lat' dir='ltr'><strong>Interpre-</strong></span> 
     </span>
     <span class='ocr_line' id='line_1_18' title="bbox 556 2287 2766 2353; baseline -0.002 -15"><span class='ocrx_word' id='word_1_133' title='bbox 556 2295 645 2338; x_wconf 58' lang='grc' dir='ltr'><strong>οἶοι</strong></span> <span class='ocrx_word' id='word_1_134' title='bbox 668 2287 797 2334; x_wconf 78' lang='lat' dir='ltr'><strong>&#39;mire</strong></span> <span class='ocrx_word' id='word_1_135' title='bbox 821 2287 1047 2337; x_wconf 81' lang='lat' dir='ltr'><strong>vexavit.</strong></span> <span class='ocrx_word' id='word_1_136' title='bbox 1115 2290 1195 2337; x_wconf 87' lang='lat' dir='ltr'><strong>Ex</strong></span> <span class='ocrx_word' id='word_1_137' title='bbox 1243 2287 1516 2339; x_wconf 82' lang='lat' dir='ltr'><strong>Herodoto</strong></span> <span class='ocrx_word' id='word_1_138' title='bbox 1539 2298 1764 2353; x_wconf 83' lang='lat' dir='ltr'><strong>constat,</strong></span> <span class='ocrx_word' id='word_1_139' title='bbox 1779 2294 1896 2340; x_wconf 75' lang='lat' dir='ltr'><strong>duos</strong></span> <span class='ocrx_word' id='word_1_140' title='bbox 1916 2296 2119 2342; x_wconf 78' lang='lat' dir='ltr'><strong>tantum</strong></span> <span class='ocrx_word' id='word_1_141' title='bbox 2141 2303 2319 2352; x_wconf 86' lang='lat' dir='ltr'><strong>magos</strong></span> <span class='ocrx_word' id='word_1_142' title='bbox 2341 2301 2548 2351; x_wconf 87' lang='lat' dir='ltr'><strong>regnum</strong></span> <span class='ocrx_word' id='word_1_143' title='bbox 2572 2289 2766 2336; x_wconf 86' lang='lat' dir='ltr'><strong>Persa-</strong></span> 
     </span>
     <span class='ocr_line' id='line_1_19' title="bbox 566 2350 2770 2416; baseline 0.001 -17"><span class='ocrx_word' id='word_1_144' title='bbox 566 2366 677 2400; x_wconf 86' lang='lat' dir='ltr'><strong>rum</strong></span> <span class='ocrx_word' id='word_1_145' title='bbox 700 2353 1055 2414; x_wconf 82' lang='lat' dir='ltr'><strong>occupavisse,</strong></span> <span class='ocrx_word' id='word_1_146' title='bbox 1080 2350 1382 2402; x_wconf 82' lang='lat' dir='ltr'><strong>Ammianus</strong></span> <span class='ocrx_word' id='word_1_147' title='bbox 1406 2361 1580 2403; x_wconf 87' lang='lat' dir='ltr'><strong>autem</strong></span> <span class='ocrx_word' id='word_1_148' title='bbox 1597 2356 1833 2404; x_wconf 80' lang='lat' dir='ltr'><strong>Marcell.</strong></span> <span class='ocrx_word' id='word_1_149' title='bbox 1871 2368 2043 2404; x_wconf 77' lang='lat' dir='ltr'><strong>xxiii.</strong></span> <span class='ocrx_word' id='word_1_150' title='bbox 2064 2358 2147 2403; x_wconf 79' lang='lat'><strong>22.</strong></span> <span class='ocrx_word' id='word_1_151' title='bbox 2186 2359 2362 2416; x_wconf 72' lang='lat' dir='ltr'><strong>septem</strong></span> <span class='ocrx_word' id='word_1_152' title='bbox 2381 2356 2770 2402; x_wconf 78' lang='lat' dir='ltr'><strong>commemorat.</strong></span> 
     </span>
     <span class='ocr_line' id='line_1_20' title="bbox 564 2415 2772 2481; baseline -0.001 -14"><span class='ocrx_word' id='word_1_153' title='bbox 564 2415 670 2467; x_wconf 85' lang='lat' dir='ltr'><strong>Sed</strong></span> <span class='ocrx_word' id='word_1_154' title='bbox 695 2422 837 2465; x_wconf 89' lang='lat' dir='ltr'><strong>recte</strong></span> <span class='ocrx_word' id='word_1_155' title='bbox 864 2424 1038 2467; x_wconf 88' lang='lat' dir='ltr'><strong>monet</strong></span> <span class='ocrx_word' id='word_1_156' title='bbox 1060 2417 1320 2480; x_wconf 85' lang='lat' dir='ltr'><strong>Vorstius,</strong></span> <span class='ocrx_word' id='word_1_157' title='bbox 1342 2418 1493 2481; x_wconf 84' lang='lat' dir='ltr'><strong>liujus</strong></span> <span class='ocrx_word' id='word_1_158' title='bbox 1516 2421 1885 2471; x_wconf 79' lang='lat' dir='ltr'><strong>auctoritatem</strong></span> <span class='ocrx_word' id='word_1_159' title='bbox 1912 2434 2012 2469; x_wconf 91' lang='lat' dir='ltr'><strong>non</strong></span> <span class='ocrx_word' id='word_1_160' title='bbox 2037 2432 2149 2468; x_wconf 88' lang='lat' dir='ltr'><strong>esse</strong></span> <span class='ocrx_word' id='word_1_161' title='bbox 2167 2418 2318 2477; x_wconf 81' lang='lat' dir='ltr'><strong>tanti,</strong></span> <span class='ocrx_word' id='word_1_162' title='bbox 2342 2423 2400 2466; x_wconf 89' lang='lat' dir='ltr'><strong>ut</strong></span> <span class='ocrx_word' id='word_1_163' title='bbox 2423 2417 2638 2466; x_wconf 85' lang='lat' dir='ltr'><strong>aliorum</strong></span> <span class='ocrx_word' id='word_1_164' title='bbox 2663 2416 2772 2465; x_wconf 87' lang='lat' dir='ltr'><strong>ele-</strong></span> 
     </span>
     <span class='ocr_line' id='line_1_21' title="bbox 569 2481 2771 2545; baseline -0.001 -14"><span class='ocrx_word' id='word_1_165' title='bbox 569 2496 691 2531; x_wconf 80' lang='lat' dir='ltr'><strong>vare</strong></span> <span class='ocrx_word' id='word_1_166' title='bbox 730 2489 903 2545; x_wconf 84' lang='lat' dir='ltr'><strong>queat.</strong></span> <span class='ocrx_word' id='word_1_167' title='bbox 970 2483 1086 2531; x_wconf 90' lang='lat' dir='ltr'><strong>Viri</strong></span> <span class='ocrx_word' id='word_1_168' title='bbox 1124 2483 1283 2545; x_wconf 87' lang='lat' dir='ltr'><strong>igitur</strong></span> <span class='ocrx_word' id='word_1_169' title='bbox 1324 2482 1465 2532; x_wconf 85' lang='lat' dir='ltr'><strong>docti</strong></span> <span class='ocrx_word' id='word_1_170' title='bbox 1510 2485 1777 2534; x_wconf 89' lang='lat' dir='ltr'><strong>Valerium</strong></span> <span class='ocrx_word' id='word_1_171' title='bbox 1823 2499 1941 2535; x_wconf 90' lang='lat' dir='ltr'><strong>cum</strong></span> <span class='ocrx_word' id='word_1_172' title='bbox 1985 2485 2099 2533; x_wconf 85' lang='lat' dir='ltr'><strong>aliis</strong></span> <span class='ocrx_word' id='word_1_173' title='bbox 2131 2483 2408 2533; x_wconf 86' lang='lat' dir='ltr'><strong>conciliare</strong></span> <span class='ocrx_word' id='word_1_174' title='bbox 2442 2481 2771 2531; x_wconf 87' lang='lat' dir='ltr'><strong>studuerunt.</strong></span> 
     </span>
     <span class='ocr_line' id='line_1_22' title="bbox 566 2546 2771 2613; baseline 0 -19"><span class='ocrx_word' id='word_1_175' title='bbox 566 2546 877 2609; x_wconf 80' lang='lat' dir='ltr'><strong>Rutgersius</strong></span> <span class='ocrx_word' id='word_1_176' title='bbox 901 2547 1025 2597; x_wconf 86' lang='lat' dir='ltr'><strong>Var.</strong></span> <span class='ocrx_word' id='word_1_177' title='bbox 1048 2548 1172 2596; x_wconf 85' lang='lat' dir='ltr'><strong>lect.</strong></span> <span class='ocrx_word' id='word_1_178' title='bbox 1194 2561 1233 2597; x_wconf 94' lang='lat'><strong>1.</strong></span> <span class='ocrx_word' id='word_1_179' title='bbox 1252 2552 1299 2597; x_wconf 88' lang='grc'><strong>8.</strong></span> <span class='ocrx_word' id='word_1_180' title='bbox 1332 2555 1386 2597; x_wconf 90' lang='lat' dir='ltr'><strong>et</strong></span> <span class='ocrx_word' id='word_1_181' title='bbox 1409 2548 1569 2597; x_wconf 88' lang='lat' dir='ltr'><strong>Mich.</strong></span> <span class='ocrx_word' id='word_1_182' title='bbox 1593 2550 1777 2599; x_wconf 81' lang='lat' dir='ltr'><strong>Rossal</strong></span> <span class='ocrx_word' id='word_1_183' title='bbox 1808 2551 1993 2613; x_wconf 87' lang='lat' dir='ltr'><strong>legunt</strong></span> <span class='ocrx_word' id='word_1_184' title='bbox 2029 2563 2093 2598; x_wconf 77' lang='lat' dir='ltr'><strong>ex</strong></span> <span class='ocrx_word' id='word_1_185' title='bbox 2113 2547 2429 2607; x_wconf 61' lang='lat' dir='ltr'><strong>conjuratione</strong></span> <span class='ocrx_word' id='word_1_186' title='bbox 2449 2551 2641 2608; x_wconf 74' lang='lat' dir='ltr'><strong>septem,</strong></span> <span class='ocrx_word' id='word_1_187' title='bbox 2665 2556 2771 2607; x_wconf 56' lang='grc' dir='ltr'><strong>(μιν.</strong></span> 
     </span>
     <span class='ocr_line' id='line_1_23' title="bbox 564 2610 2773 2675; baseline -0.001 -16"><span class='ocrx_word' id='word_1_188' title='bbox 564 2625 747 2671; x_wconf 77' lang='lat' dir='ltr'><strong>magos,</strong></span> <span class='ocrx_word' id='word_1_189' title='bbox 778 2612 861 2672; x_wconf 63' lang='grc' dir='ltr'><strong>ᾄτ.</strong></span> <span class='ocrx_word' id='word_1_190' title='bbox 900 2610 1035 2675; x_wconf 89' lang='lat' dir='ltr'><strong>quod</strong></span> <span class='ocrx_word' id='word_1_191' title='bbox 1073 2626 1195 2661; x_wconf 89' lang='lat' dir='ltr'><strong>sane</strong></span> <span class='ocrx_word' id='word_1_192' title='bbox 1224 2613 1449 2661; x_wconf 85' lang='lat' dir='ltr'><strong>insolens</strong></span> <span class='ocrx_word' id='word_1_193' title='bbox 1492 2621 1574 2661; x_wconf 82' lang='lat' dir='ltr'><strong>est</strong></span> <span class='ocrx_word' id='word_1_194' title='bbox 1615 2614 1812 2663; x_wconf 84' lang='lat' dir='ltr'><strong>Latinis</strong></span> <span class='ocrx_word' id='word_1_195' title='bbox 1849 2614 2072 2663; x_wconf 80' lang='lat' dir='ltr'><strong>auribus.</strong></span> <span class='ocrx_word' id='word_1_196' title='bbox 2138 2611 2443 2661; x_wconf 79' lang='lat' dir='ltr'><strong>Perizonius</strong></span> <span class='ocrx_word' id='word_1_197' title='bbox 2465 2617 2629 2673; x_wconf 84' lang='lat' dir='ltr'><strong>putat,</strong></span> <span class='ocrx_word' id='word_1_198' title='bbox 2650 2610 2773 2674; x_wconf 85' lang='lat' dir='ltr'><strong>qnia</strong></span> 
     </span>
     <span class='ocr_line' id='line_1_24' title="bbox 569 2674 2772 2741; baseline -0 -17"><span class='ocrx_word' id='word_1_199' title='bbox 569 2676 715 2738; x_wconf 83' lang='lat' dir='ltr'><strong>Magi</strong></span> <span class='ocrx_word' id='word_1_200' title='bbox 740 2682 941 2737; x_wconf 84' lang='lat' dir='ltr'><strong>septem</strong></span> <span class='ocrx_word' id='word_1_201' title='bbox 965 2690 1165 2726; x_wconf 86' lang='lat' dir='ltr'><strong>menses</strong></span> <span class='ocrx_word' id='word_1_202' title='bbox 1192 2691 1431 2739; x_wconf 76' lang='lat' dir='ltr'><strong>regnasse</strong></span> <span class='ocrx_word' id='word_1_203' title='bbox 1454 2676 1720 2741; x_wconf 83' lang='lat' dir='ltr'><strong>dicuntur,</strong></span> <span class='ocrx_word' id='word_1_204' title='bbox 1743 2681 1873 2728; x_wconf 85' lang='lat' dir='ltr'><strong>banc</strong></span> <span class='ocrx_word' id='word_1_205' title='bbox 1895 2679 2087 2727; x_wconf 78' lang='lat' dir='ltr'><strong>erroris</strong></span> <span class='ocrx_word' id='word_1_206' title='bbox 2110 2691 2318 2727; x_wconf 78' lang='lat' dir='ltr'><strong>causam</strong></span> <span class='ocrx_word' id='word_1_207' title='bbox 2341 2674 2553 2725; x_wconf 82' lang='lat' dir='ltr'><strong>Valerio</strong></span> <span class='ocrx_word' id='word_1_208' title='bbox 2587 2674 2772 2723; x_wconf 80' lang='lat' dir='ltr'><strong>fuisse.</strong></span> 
     </span>
     <span class='ocr_line' id='line_1_25' title="bbox 566 2739 2772 2805; baseline -0.001 -16"><span class='ocrx_word' id='word_1_209' title='bbox 566 2739 845 2789; x_wconf 85' lang='lat' dir='ltr'><strong>Torrenius</strong></span> <span class='ocrx_word' id='word_1_210' title='bbox 870 2741 951 2788; x_wconf 85' lang='lat' dir='ltr'><strong>vel</strong></span> <span class='ocrx_word' id='word_1_211' title='bbox 974 2740 1239 2789; x_wconf 82' lang='lat' dir='ltr'><strong>Valerium</strong></span> <span class='ocrx_word' id='word_1_212' title='bbox 1263 2754 1463 2790; x_wconf 84' lang='lat' dir='ltr'><strong>errasse</strong></span> <span class='ocrx_word' id='word_1_213' title='bbox 1487 2744 1691 2803; x_wconf 80' lang='lat' dir='ltr'><strong>statuit,</strong></span> <span class='ocrx_word' id='word_1_214' title='bbox 1715 2743 1798 2791; x_wconf 85' lang='lat' dir='ltr'><strong>vel</strong></span> <span class='ocrx_word' id='word_1_215' title='bbox 1821 2743 2085 2792; x_wconf 82' lang='lat' dir='ltr'><strong>existimat</strong></span> <span class='ocrx_word' id='word_1_216' title='bbox 2105 2746 2281 2805; x_wconf 76' lang='lat' dir='ltr'><strong>septem</strong></span> <span class='ocrx_word' id='word_1_217' title='bbox 2301 2754 2370 2789; x_wconf 80' lang='lat' dir='ltr'><strong>ex</strong></span> <span class='ocrx_word' id='word_1_218' title='bbox 2404 2741 2574 2804; x_wconf 82' lang='lat' dir='ltr'><strong>glossa</strong></span> <span class='ocrx_word' id='word_1_219' title='bbox 2599 2746 2772 2787; x_wconf 79' lang='lat' dir='ltr'><strong>ortum</strong></span> 
     </span>
     <span class='ocr_line' id='line_1_26' title="bbox 568 2804 2772 2869; baseline -0 -16"><span class='ocrx_word' id='word_1_220' title='bbox 568 2818 702 2853; x_wconf 81' lang='lat' dir='ltr'><strong>esse.</strong></span> <span class='ocrx_word' id='word_1_221' title='bbox 772 2805 885 2867; x_wconf 87' lang='lat' dir='ltr'><strong>Ego</strong></span> <span class='ocrx_word' id='word_1_222' title='bbox 906 2805 1030 2853; x_wconf 88' lang='lat' dir='ltr'><strong>nihil</strong></span> <span class='ocrx_word' id='word_1_223' title='bbox 1053 2806 1353 2855; x_wconf 84' lang='lat' dir='ltr'><strong>mutandum</strong></span> <span class='ocrx_word' id='word_1_224' title='bbox 1374 2813 1521 2868; x_wconf 88' lang='lat' dir='ltr'><strong>puto,</strong></span> <span class='ocrx_word' id='word_1_225' title='bbox 1544 2815 1600 2855; x_wconf 87' lang='lat' dir='ltr'><strong>et</strong></span> <span class='ocrx_word' id='word_1_226' title='bbox 1618 2807 1693 2855; x_wconf 86' lang='lat' dir='ltr'><strong>ita</strong></span> <span class='ocrx_word' id='word_1_227' title='bbox 1713 2807 1950 2868; x_wconf 80' lang='lat' dir='ltr'><strong>explico:</strong></span> <span class='ocrx_word' id='word_1_228' title='bbox 1989 2808 2070 2855; x_wconf 85' lang='lat' dir='ltr'><strong>Ex</strong></span> <span class='ocrx_word' id='word_1_229' title='bbox 2089 2804 2393 2869; x_wconf 79' lang='lat' dir='ltr'><strong>conjuratis,</strong></span> <span class='ocrx_word' id='word_1_230' title='bbox 2413 2818 2630 2867; x_wconf 85' lang='lat' dir='ltr'><strong>quornm</strong></span> <span class='ocrx_word' id='word_1_231' title='bbox 2652 2817 2772 2853; x_wconf 85' lang='lat' dir='ltr'><strong>cum</strong></span> 
     </span>
     <span class='ocr_line' id='line_1_27' title="bbox 568 2867 2776 2936; baseline -0 -18"><span class='ocrx_word' id='word_1_232' title='bbox 568 2869 733 2918; x_wconf 82' lang='lat' dir='ltr'><strong>Dario</strong></span> <span class='ocrx_word' id='word_1_233' title='bbox 758 2867 871 2928; x_wconf 83' lang='lat' dir='ltr'><strong>ipso</strong></span> <span class='ocrx_word' id='word_1_234' title='bbox 904 2869 1107 2917; x_wconf 89' lang='lat' dir='ltr'><strong>omnino</strong></span> <span class='ocrx_word' id='word_1_235' title='bbox 1143 2877 1345 2933; x_wconf 77' lang='lat' dir='ltr'><strong>septem</strong></span> <span class='ocrx_word' id='word_1_236' title='bbox 1378 2869 1610 2933; x_wconf 84' lang='lat' dir='ltr'><strong>fuerunt,</strong></span> <span class='ocrx_word' id='word_1_237' title='bbox 1633 2871 1722 2936; x_wconf 89' lang='lat' dir='ltr'><strong>qui</strong></span> <span class='ocrx_word' id='word_1_238' title='bbox 1756 2872 1942 2934; x_wconf 84' lang='lat' dir='ltr'><strong>Magos</strong></span> <span class='ocrx_word' id='word_1_239' title='bbox 1976 2868 2375 2934; x_wconf 66' lang='lat' dir='ltr'><strong>oppresserant!</strong></span> <span class='ocrx_word' id='word_1_240' title='bbox 2408 2870 2574 2931; x_wconf 77' lang='lat' dir='ltr'><strong>Kapp.</strong></span> <span class='ocrx_word' id='word_1_241' title='bbox 2641 2868 2776 2917; x_wconf 75' lang='lat' dir='ltr'><strong>Mox</strong></span> 
     </span>
     <span class='ocr_line' id='line_1_28' title="bbox 567 2932 2776 2999; baseline -0 -19"><span class='ocrx_word' id='word_1_242' title='bbox 567 2934 668 2981; x_wconf 72' lang='lat' dir='ltr'><strong>ulla</strong></span> <span class='ocrx_word' id='word_1_243' title='bbox 703 2933 844 2981; x_wconf 88' lang='lat' dir='ltr'><strong>delet</strong></span> <span class='ocrx_word' id='word_1_244' title='bbox 875 2933 1119 2983; x_wconf 87' lang='lat' dir='ltr'><strong>Perizon.</strong></span> <span class='ocrx_word' id='word_1_245' title='bbox 1154 2949 1271 2983; x_wconf 91' lang='lat' dir='ltr'><strong>cum</strong></span> <span class='ocrx_word' id='word_1_246' title='bbox 1303 2935 1489 2997; x_wconf 88' lang='lat' dir='ltr'><strong>Copes.</strong></span> <span class='ocrx_word' id='word_1_247' title='bbox 1523 2936 1850 2999; x_wconf 85' lang='lat' dir='ltr'><strong>improbante</strong></span> <span class='ocrx_word' id='word_1_248' title='bbox 1881 2935 2279 2986; x_wconf 74' lang='lat' dir='ltr'><strong>Torrenio.—-47</strong></span> <span class='ocrx_word' id='word_1_249' title='bbox 2314 2934 2432 2985; x_wconf 81' lang='lat' dir='ltr'><strong>‘Ita</strong></span> <span class='ocrx_word' id='word_1_250' title='bbox 2465 2932 2682 2995; x_wconf 80' lang='lat' dir='ltr'><strong>Pighius</strong></span> <span class='ocrx_word' id='word_1_251' title='bbox 2705 2944 2776 2979; x_wconf 82' lang='lat' dir='ltr'><strong>ex</strong></span> 
     </span>
     <span class='ocr_line' id='line_1_29' title="bbox 570 2996 2777 3061; baseline 0 -17"><span class='ocrx_word' id='word_1_252' title='bbox 570 2997 778 3046; x_wconf 88' lang='lat' dir='ltr'><strong>Winck.</strong></span> <span class='ocrx_word' id='word_1_253' title='bbox 846 2999 914 3047; x_wconf 90' lang='lat' dir='ltr'><strong>Et</strong></span> <span class='ocrx_word' id='word_1_254' title='bbox 957 2998 1032 3047; x_wconf 86' lang='lat' dir='ltr'><strong>sic</strong></span> <span class='ocrx_word' id='word_1_255' title='bbox 1066 2998 1192 3047; x_wconf 86' lang='lat' dir='ltr'><strong>Par.</strong></span> <span class='ocrx_word' id='word_1_256' title='bbox 1236 3012 1343 3047; x_wconf 88' lang='lat' dir='ltr'><strong>sec.</strong></span> <span class='ocrx_word' id='word_1_257' title='bbox 1372 2999 1519 3061; x_wconf 88' lang='lat' dir='ltr'><strong>Mog.</strong></span> <span class='ocrx_word' id='word_1_258' title='bbox 1569 3007 1627 3049; x_wconf 90' lang='lat' dir='ltr'><strong>et</strong></span> <span class='ocrx_word' id='word_1_259' title='bbox 1670 3002 1792 3049; x_wconf 86' lang='lat' dir='ltr'><strong>Vet.</strong></span> <span class='ocrx_word' id='word_1_260' title='bbox 1858 3000 1945 3049; x_wconf 89' lang='lat' dir='ltr'><strong>Al.</strong></span> <span class='ocrx_word' id='word_1_261' title='bbox 1968 3006 2160 3049; x_wconf 75' lang='lat' dir='ltr'><strong>onustos</strong></span> <span class='ocrx_word' id='word_1_262' title='bbox 2172 3014 2191 3056; x_wconf 79' lang='lat'><strong>,-</strong></span> <span class='ocrx_word' id='word_1_263' title='bbox 2226 2999 2291 3047; x_wconf 86' lang='lat' dir='ltr'><strong>al.</strong></span> <span class='ocrx_word' id='word_1_264' title='bbox 2308 3012 2516 3061; x_wconf 61' lang='lat' dir='ltr'><strong>gravesf</strong></span> <span class='ocrx_word' id='word_1_265' title='bbox 2557 2998 2623 3046; x_wconf 86' lang='lat' dir='ltr'><strong>al.</strong></span> <span class='ocrx_word' id='word_1_266' title='bbox 2637 2996 2777 3057; x_wconf 72' lang='lat' dir='ltr'><strong>junc-</strong></span> 
     </span>
     <span class='ocr_line' id='line_1_30' title="bbox 571 3061 2774 3127; baseline -0.001 -18"><span class='ocrx_word' id='word_1_267' title='bbox 571 3067 673 3116; x_wconf 80' lang='lat' dir='ltr'><strong>tos,·</strong></span> <span class='ocrx_word' id='word_1_268' title='bbox 707 3062 775 3109; x_wconf 87' lang='lat' dir='ltr'><strong>al.</strong></span> <span class='ocrx_word' id='word_1_269' title='bbox 813 3062 1022 3119; x_wconf 66' lang='lat' dir='ltr'><strong>imoimo,-</strong></span> <span class='ocrx_word' id='word_1_270' title='bbox 1065 3063 1131 3110; x_wconf 85' lang='lat' dir='ltr'><strong>al.</strong></span> <span class='ocrx_word' id='word_1_271' title='bbox 1166 3062 1378 3118; x_wconf 66' lang='lat' dir='ltr'><strong>odiosos:</strong></span> <span class='ocrx_word' id='word_1_272' title='bbox 1408 3064 1546 3127; x_wconf 88' lang='lat' dir='ltr'><strong>quod</strong></span> <span class='ocrx_word' id='word_1_273' title='bbox 1580 3064 1856 3113; x_wconf 83' lang='lat' dir='ltr'><strong>Perizonio</strong></span> <span class='ocrx_word' id='word_1_274' title='bbox 1879 3072 1933 3113; x_wconf 91' lang='lat' dir='ltr'><strong>et</strong></span> <span class='ocrx_word' id='word_1_275' title='bbox 1955 3065 2204 3113; x_wconf 87' lang='lat' dir='ltr'><strong>Torrenio</strong></span> <span class='ocrx_word' id='word_1_276' title='bbox 2227 3063 2388 3124; x_wconf 81' lang='lat' dir='ltr'><strong>magis</strong></span> <span class='ocrx_word' id='word_1_277' title='bbox 2414 3062 2607 3124; x_wconf 76' lang='lat' dir='ltr'><strong>placet.</strong></span> <span class='ocrx_word' id='word_1_278' title='bbox 2661 3061 2774 3122; x_wconf 81' lang='lat' dir='ltr'><strong>Ego</strong></span> 
     </span>
     <span class='ocr_line' id='line_1_31' title="bbox 566 3125 2774 3190; baseline 0 -18"><span class='ocrx_word' id='word_1_279' title='bbox 566 3140 784 3173; x_wconf 77' lang='lat' dir='ltr'><strong>onerosos</strong></span> <span class='ocrx_word' id='word_1_280' title='bbox 800 3125 1151 3188; x_wconf 61' lang='lat' dir='ltr'><strong>praetulerim!</strong></span> <span class='ocrx_word' id='word_1_281' title='bbox 1195 3127 1489 3189; x_wconf 51' lang='lat' dir='ltr'><strong>Koma—48</strong></span> <span class='ocrx_word' id='word_1_282' title='bbox 1524 3129 1692 3178; x_wconf 85' lang='lat' dir='ltr'><strong>Notat</strong></span> <span class='ocrx_word' id='word_1_283' title='bbox 1714 3129 1865 3189; x_wconf 80' lang='lat' dir='ltr'><strong>Pigb.</strong></span> <span class='ocrx_word' id='word_1_284' title='bbox 1891 3130 1943 3178; x_wconf 90' lang='lat' dir='ltr'><strong>in</strong></span> <span class='ocrx_word' id='word_1_285' title='bbox 1968 3143 2128 3190; x_wconf 78' lang='lat' dir='ltr'><strong>marg.</strong></span> <span class='ocrx_word' id='word_1_286' title='bbox 2153 3129 2303 3177; x_wconf 84' lang='lat' dir='ltr'><strong>aliam</strong></span> <span class='ocrx_word' id='word_1_287' title='bbox 2327 3128 2453 3176; x_wconf 88' lang='lat' dir='ltr'><strong>lect.</strong></span> <span class='ocrx_word' id='word_1_288' title='bbox 2479 3140 2595 3175; x_wconf 83' lang='lat' dir='ltr'><strong>esse</strong></span> <span class='ocrx_word' id='word_1_289' title='bbox 2615 3138 2774 3186; x_wconf 75' lang='lat' dir='ltr'><strong>super—</strong></span> 
     </span>
     <span class='ocr_line' id='line_1_32' title="bbox 568 3188 2776 3257; baseline 0.001 -22"><span class='ocrx_word' id='word_1_290' title='bbox 568 3188 742 3250; x_wconf 74' lang='lat' dir='ltr'><strong>posito,</strong></span> <span class='ocrx_word' id='word_1_291' title='bbox 758 3190 895 3251; x_wconf 90' lang='lat' dir='ltr'><strong>quod</strong></span> <span class='ocrx_word' id='word_1_292' title='bbox 918 3188 1113 3239; x_wconf 83' lang='lat' dir='ltr'><strong>habent</strong></span> <span class='ocrx_word' id='word_1_293' title='bbox 1134 3190 1329 3241; x_wconf 85' lang='lat' dir='ltr'><strong>Brand.</strong></span> <span class='ocrx_word' id='word_1_294' title='bbox 1355 3196 1398 3240; x_wconf 84' lang='lat'><strong>1.</strong></span> <span class='ocrx_word' id='word_1_295' title='bbox 1423 3196 1475 3241; x_wconf 81' lang='lat'><strong>2.</strong></span> <span class='ocrx_word' id='word_1_296' title='bbox 1508 3193 1656 3257; x_wconf 81' lang='lat' dir='ltr'><strong>Leid.</strong></span> <span class='ocrx_word' id='word_1_297' title='bbox 1677 3198 1730 3243; x_wconf 77' lang='grc' dir='ltr'><strong>ὃ.</strong></span> <span class='ocrx_word' id='word_1_298' title='bbox 1753 3194 1937 3256; x_wconf 85' lang='lat' dir='ltr'><strong>Copes.</strong></span> <span class='ocrx_word' id='word_1_299' title='bbox 1967 3200 2021 3242; x_wconf 91' lang='lat' dir='ltr'><strong>et</strong></span> <span class='ocrx_word' id='word_1_300' title='bbox 2044 3194 2190 3255; x_wconf 83' lang='lat' dir='ltr'><strong>Mog.</strong></span> <span class='ocrx_word' id='word_1_301' title='bbox 2251 3191 2502 3241; x_wconf 88' lang='lat' dir='ltr'><strong>Similiter</strong></span> <span class='ocrx_word' id='word_1_302' title='bbox 2519 3190 2776 3239; x_wconf 80' lang='lat' dir='ltr'><strong>variatum</strong></span> 
     </span>
     <span class='ocr_line' id='line_1_33' title="bbox 570 3255 2778 3321; baseline 0 -20"><span class='ocrx_word' id='word_1_303' title='bbox 570 3265 729 3314; x_wconf 84' lang='lat' dir='ltr'><strong>supra</strong></span> <span class='ocrx_word' id='word_1_304' title='bbox 753 3266 832 3301; x_wconf 77' lang='lat' dir='ltr'><strong>ix.</strong></span> <span class='ocrx_word' id='word_1_305' title='bbox 848 3258 901 3301; x_wconf 78' lang='lat'><strong>2.</strong></span> <span class='ocrx_word' id='word_1_306' title='bbox 923 3258 1101 3303; x_wconf 77' lang='grc'><strong>4.-49</strong></span> <span class='ocrx_word' id='word_1_307' title='bbox 1132 3255 1362 3317; x_wconf 70' lang='grc' dir='ltr'><strong>Δερεήοι·</strong></span> <span class='ocrx_word' id='word_1_308' title='bbox 1380 3270 1511 3305; x_wconf 87' lang='lat' dir='ltr'><strong>unus</strong></span> <span class='ocrx_word' id='word_1_309' title='bbox 1534 3258 1735 3306; x_wconf 83' lang='lat' dir='ltr'><strong>Douac.</strong></span> <span class='ocrx_word' id='word_1_310' title='bbox 1775 3257 1906 3306; x_wconf 85' lang='lat' dir='ltr'><strong>Mox</strong></span> <span class='ocrx_word' id='word_1_311' title='bbox 1927 3258 2129 3321; x_wconf 79' lang='lat' dir='ltr'><strong>aliquot</strong></span> <span class='ocrx_word' id='word_1_312' title='bbox 2145 3255 2300 3307; x_wconf 86' lang='lat' dir='ltr'><strong>codd.</strong></span> <span class='ocrx_word' id='word_1_313' title='bbox 2313 3257 2532 3305; x_wconf 86' lang='lat' dir='ltr'><strong>Torren.</strong></span> <span class='ocrx_word' id='word_1_314' title='bbox 2559 3255 2778 3303; x_wconf 73' lang='lat' dir='ltr'><strong>ociosum</strong></span> 
     </span>
     <span class='ocr_line' id='line_1_34' title="bbox 562 3318 2775 3383; baseline 0 -19"><span class='ocrx_word' id='word_1_315' title='bbox 562 3330 776 3364; x_wconf 63' lang='lat' dir='ltr'><strong>¹commem</strong></span> <span class='ocrx_word' id='word_1_316' title='bbox 793 3332 816 3374; x_wconf 78' lang='lat'><strong>,-</strong></span> <span class='ocrx_word' id='word_1_317' title='bbox 849 3331 981 3366; x_wconf 81' lang='lat' dir='ltr'><strong>unus</strong></span> <span class='ocrx_word' id='word_1_318' title='bbox 1028 3318 1230 3377; x_wconf 75' lang='lat' dir='ltr'><strong>Ocimn3</strong></span> <span class='ocrx_word' id='word_1_319' title='bbox 1262 3319 1396 3368; x_wconf 81' lang='lat' dir='ltr'><strong>alter</strong></span> <span class='ocrx_word' id='word_1_320' title='bbox 1442 3320 1779 3371; x_wconf 52' lang='lat' dir='ltr'><strong>Ocima—5⁰</strong></span> <span class='ocrx_word' id='word_1_321' title='bbox 1811 3321 1897 3371; x_wconf 87' lang='lat' dir='ltr'><strong>Sic</strong></span> <span class='ocrx_word' id='word_1_322' title='bbox 1935 3336 2000 3370; x_wconf 87' lang='lat' dir='ltr'><strong>ex</strong></span> <span class='ocrx_word' id='word_1_323' title='bbox 2043 3321 2197 3371; x_wconf 86' lang='lat' dir='ltr'><strong>codd.</strong></span> <span class='ocrx_word' id='word_1_324' title='bbox 2241 3320 2480 3370; x_wconf 81' lang='lat' dir='ltr'><strong>restituit</strong></span> <span class='ocrx_word' id='word_1_325' title='bbox 2523 3318 2775 3383; x_wconf 74' lang='lat' dir='ltr'><strong>Pighius3</strong></span> 
     </span>
    </p>
   </div>
   <div class='ocr_carea' id='block_1_8' title="bbox 1568 3450 1786 3503">
    <p class='ocr_par' dir='ltr' id='par_1_8' title="bbox 1568 3450 1786 3503">
     <span class='ocr_line' id='line_1_35' title="bbox 1568 3450 1786 3503; baseline -0.009 0"><span class='ocrx_word' id='word_1_326' title='bbox 1568 3450 1786 3503; x_wconf 76' lang='lat' dir='ltr'><strong>NOTAE</strong></span> 
     </span>
    </p>
   </div>
   <div class='ocr_carea' id='block_1_9' title="bbox 574 3562 1636 4317">
    <p class='ocr_par' dir='ltr' id='par_1_9' title="bbox 574 3562 1634 3935">
     <span class='ocr_line' id='line_1_36' title="bbox 574 3562 1632 3631; baseline 0.003 -17"><span class='ocrx_word' id='word_1_327' title='bbox 574 3576 688 3616; x_wconf 66' lang='lat' dir='ltr'><strong>ests</strong></span> <span class='ocrx_word' id='word_1_328' title='bbox 722 3564 859 3615; x_wconf 83' lang='lat' dir='ltr'><strong>haud</strong></span> <span class='ocrx_word' id='word_1_329' title='bbox 884 3562 1047 3616; x_wconf 86' lang='lat' dir='ltr'><strong>multo</strong></span> <span class='ocrx_word' id='word_1_330' title='bbox 1081 3572 1199 3631; x_wconf 88' lang='lat' dir='ltr'><strong>post</strong></span> <span class='ocrx_word' id='word_1_331' title='bbox 1236 3566 1396 3627; x_wconf 82' lang='lat' dir='ltr'><strong>patris</strong></span> <span class='ocrx_word' id='word_1_332' title='bbox 1416 3574 1632 3617; x_wconf 84' lang='lat' dir='ltr'><strong>mortem</strong></span> 
     </span>
     <span class='ocr_line' id='line_1_37' title="bbox 576 3640 1634 3705; baseline 0.002 -16"><span class='ocrx_word' id='word_1_333' title='bbox 576 3640 828 3704; x_wconf 73' lang='lat' dir='ltr'><strong>regnandi</strong></span> <span class='ocrx_word' id='word_1_334' title='bbox 869 3640 1107 3702; x_wconf 85' lang='lat' dir='ltr'><strong>libidine,</strong></span> <span class='ocrx_word' id='word_1_335' title='bbox 1142 3646 1196 3689; x_wconf 89' lang='lat' dir='ltr'><strong>et</strong></span> <span class='ocrx_word' id='word_1_336' title='bbox 1239 3644 1469 3691; x_wconf 80' lang='lat' dir='ltr'><strong>Xerxem</strong></span> <span class='ocrx_word' id='word_1_337' title='bbox 1507 3641 1634 3705; x_wconf 88' lang='lat' dir='ltr'><strong>Sog-</strong></span> 
     </span>
     <span class='ocr_line' id='line_1_38' title="bbox 574 3718 1634 3782; baseline 0 -14"><span class='ocrx_word' id='word_1_338' title='bbox 574 3718 777 3782; x_wconf 75' lang='lat' dir='ltr'><strong>dianus,</strong></span> <span class='ocrx_word' id='word_1_339' title='bbox 792 3723 846 3767; x_wconf 87' lang='lat' dir='ltr'><strong>et</strong></span> <span class='ocrx_word' id='word_1_340' title='bbox 860 3718 1171 3781; x_wconf 78' lang='lat' dir='ltr'><strong>Sogdianam</strong></span> <span class='ocrx_word' id='word_1_341' title='bbox 1196 3718 1384 3767; x_wconf 86' lang='lat' dir='ltr'><strong>Darius</strong></span> <span class='ocrx_word' id='word_1_342' title='bbox 1409 3719 1457 3768; x_wconf 90' lang='lat' dir='ltr'>N</span> <span class='ocrx_word' id='word_1_343' title='bbox 1464 3718 1634 3782; x_wconf 82' lang='lat' dir='ltr'><strong>ethus,</strong></span> 
     </span>
     <span class='ocr_line' id='line_1_39' title="bbox 576 3794 1634 3865; baseline -0.002 -19"><span class='ocrx_word' id='word_1_344' title='bbox 576 3796 806 3861; x_wconf 85' lang='lat' dir='ltr'><strong>aliosque</strong></span> <span class='ocrx_word' id='word_1_345' title='bbox 830 3794 1150 3865; x_wconf 37' lang='lat' dir='ltr'><strong>elfratribus,</strong></span> <span class='ocrx_word' id='word_1_346' title='bbox 1182 3810 1247 3843; x_wconf 89' lang='lat' dir='ltr'><strong>ne</strong></span> <span class='ocrx_word' id='word_1_347' title='bbox 1278 3810 1438 3857; x_wconf 87' lang='lat' dir='ltr'><strong>regno</strong></span> <span class='ocrx_word' id='word_1_348' title='bbox 1468 3794 1533 3844; x_wconf 83' lang='lat' dir='ltr'><strong>ab</strong></span> <span class='ocrx_word' id='word_1_349' title='bbox 1554 3795 1634 3844; x_wconf 88' lang='lat' dir='ltr'><strong>bis</strong></span> 
     </span>
     <span class='ocr_line' id='line_1_40' title="bbox 574 3868 1568 3935; baseline 0.001 -15"><span class='ocrx_word' id='word_1_350' title='bbox 574 3872 873 3935; x_wconf 85' lang='lat' dir='ltr'><strong>pelleretur,</strong></span> <span class='ocrx_word' id='word_1_351' title='bbox 906 3868 1181 3920; x_wconf 81' lang='lat' dir='ltr'><strong>interfecit.</strong></span> <span class='ocrx_word' id='word_1_352' title='bbox 1246 3870 1330 3920; x_wconf 83' lang='lat' dir='ltr'><strong>Ita</strong></span> <span class='ocrx_word' id='word_1_353' title='bbox 1352 3872 1568 3921; x_wconf 84' lang='lat' dir='ltr'><strong>Ctesias.</strong></span> 
     </span>
    </p>

    <p class='ocr_par' dir='ltr' id='par_1_10' title="bbox 576 3946 1634 4074">
     <span class='ocr_line' id='line_1_41' title="bbox 640 3946 1634 3998; baseline 0.001 -1"><span class='ocrx_word' id='word_1_354' title='bbox 640 3948 669 3977; x_wconf 74' lang='lat'><strong>⁴·</strong></span> <span class='ocrx_word' id='word_1_355' title='bbox 707 3946 810 3998; x_wconf 87' lang='lat' dir='ltr'><strong>An.</strong></span> <span class='ocrx_word' id='word_1_356' title='bbox 833 3948 909 3998; x_wconf 92' lang='lat' dir='ltr'><strong>M.</strong></span> <span class='ocrx_word' id='word_1_357' title='bbox 942 3950 1090 3997; x_wconf 77' lang='lat'><strong>3638.</strong></span> <span class='ocrx_word' id='word_1_358' title='bbox 1150 3946 1235 3996; x_wconf 91' lang='lat' dir='ltr'><strong>Ol.</strong></span> <span class='ocrx_word' id='word_1_359' title='bbox 1274 3952 1356 3997; x_wconf 82' lang='lat'><strong>91.</strong></span> <span class='ocrx_word' id='word_1_360' title='bbox 1399 3951 1445 3997; x_wconf 87' lang='lat'><strong>1.</strong></span> <span class='ocrx_word' id='word_1_361' title='bbox 1503 3946 1634 3998; x_wconf 83' lang='lat' dir='ltr'><strong>Urb.</strong></span> 
     </span>
     <span class='ocr_line' id='line_1_42' title="bbox 576 4022 1214 4074; baseline -0.002 -2"><span class='ocrx_word' id='word_1_362' title='bbox 576 4023 638 4073; x_wconf 81' lang='lat' dir='ltr'><strong>C.</strong></span> <span class='ocrx_word' id='word_1_363' title='bbox 662 4026 777 4073; x_wconf 78' lang='grc'><strong>337.</strong></span> <span class='ocrx_word' id='word_1_364' title='bbox 833 4022 959 4074; x_wconf 86' lang='lat' dir='ltr'><strong>Ant.</strong></span> <span class='ocrx_word' id='word_1_365' title='bbox 985 4024 1079 4074; x_wconf 88' lang='lat' dir='ltr'><strong>Cb.</strong></span> <span class='ocrx_word' id='word_1_366' title='bbox 1100 4027 1214 4072; x_wconf 84' lang='grc'><strong>415.</strong></span> 
     </span>
    </p>

    <p class='ocr_par' dir='ltr' id='par_1_11' title="bbox 579 4098 1636 4317">
     <span class='ocr_line' id='line_1_43' title="bbox 641 4098 1636 4163; baseline 0.002 -16"><span class='ocrx_word' id='word_1_367' title='bbox 641 4106 660 4130; x_wconf 86' lang='grc'><em>·</em></span> <span class='ocrx_word' id='word_1_368' title='bbox 696 4100 819 4149; x_wconf 72' lang='lat' dir='ltr'><strong>Ochi</strong></span> <span class='ocrx_word' id='word_1_369' title='bbox 857 4101 1127 4163; x_wconf 77' lang='lat' dir='ltr'><strong>cognomine</strong></span> <span class='ocrx_word' id='word_1_370' title='bbox 1160 4098 1474 4163; x_wconf 72' lang='lat' dir='ltr'><strong>Artaxerxis]</strong></span> <span class='ocrx_word' id='word_1_371' title='bbox 1506 4098 1636 4149; x_wconf 88' lang='lat' dir='ltr'><strong>Cru-</strong></span> 
     </span>
     <span class='ocr_line' id='line_1_44' title="bbox 579 4166 1636 4238; baseline 0.005 -18"><span class='ocrx_word' id='word_1_372' title='bbox 579 4170 797 4222; x_wconf 86' lang='lat' dir='ltr'><strong>delitate</strong></span> <span class='ocrx_word' id='word_1_373' title='bbox 862 4166 1058 4238; x_wconf 81' lang='lat' dir='ltr'><strong>praeter</strong></span> <span class='ocrx_word' id='word_1_374' title='bbox 1115 4184 1319 4226; x_wconf 83' lang='lat' dir='ltr'><strong>ceteros</strong></span> <span class='ocrx_word' id='word_1_375' title='bbox 1362 4177 1636 4225; x_wconf 82' lang='lat' dir='ltr'><strong>Persarum</strong></span> 
     </span>
     <span class='ocr_line' id='line_1_45' title="bbox 580 4246 1636 4317; baseline 0.003 -18"><span class='ocrx_word' id='word_1_376' title='bbox 580 4250 751 4315; x_wconf 81' lang='lat' dir='ltr'><strong>Reges</strong></span> <span class='ocrx_word' id='word_1_377' title='bbox 774 4246 953 4301; x_wconf 79' lang='lat' dir='ltr'><strong>Ochus</strong></span> <span class='ocrx_word' id='word_1_378' title='bbox 974 4252 1061 4301; x_wconf 91' lang='lat' dir='ltr'><strong>ille</strong></span> <span class='ocrx_word' id='word_1_379' title='bbox 1084 4253 1389 4304; x_wconf 82' lang='lat' dir='ltr'><strong>nobilitatus</strong></span> <span class='ocrx_word' id='word_1_380' title='bbox 1416 4259 1521 4303; x_wconf 63' lang='lat' dir='ltr'><strong>esti</strong></span> <span class='ocrx_word' id='word_1_381' title='bbox 1549 4254 1636 4317; x_wconf 88' lang='lat' dir='ltr'><strong>qui</strong></span> 
     </span>
    </p>
   </div>
   <div class='ocr_carea' id='block_1_10' title="bbox 1695 3563 2779 3632">
    <p class='ocr_par' dir='ltr' id='par_1_12' title="bbox 1695 3563 2779 3632">
     <span class='ocr_line' id='line_1_46' title="bbox 1695 3563 2779 3632; baseline -0.005 -15"><span class='ocrx_word' id='word_1_382' title='bbox 1695 3569 1834 3629; x_wconf 39' lang='lat' dir='ltr'><strong>,vivo</strong></span> <span class='ocrx_word' id='word_1_383' title='bbox 1854 3568 2293 3632; x_wconf 85' lang='lat' dir='ltr'><strong>patreMnemone</strong></span> <span class='ocrx_word' id='word_1_384' title='bbox 2313 3563 2537 3615; x_wconf 75' lang='lat' dir='ltr'><strong>fratrum</strong></span> <span class='ocrx_word' id='word_1_385' title='bbox 2555 3564 2779 3614; x_wconf 86' lang='lat' dir='ltr'><strong>alterum</strong></span> 
     </span>
    </p>
   </div>
   <div class='ocr_carea' id='block_1_11' title="bbox 1715 3638 2783 4315">
    <p class='ocr_par' dir='ltr' id='par_1_13' title="bbox 1715 3638 2783 4315">
     <span class='ocr_line' id='line_1_47' title="bbox 1717 3638 2780 3703; baseline -0.006 -10"><span class='ocrx_word' id='word_1_386' title='bbox 1717 3644 1985 3694; x_wconf 84' lang='lat' dir='ltr'><strong>calumniis</strong></span> <span class='ocrx_word' id='word_1_387' title='bbox 2016 3643 2084 3692; x_wconf 84' lang='lat' dir='ltr'><strong>ad</strong></span> <span class='ocrx_word' id='word_1_388' title='bbox 2113 3656 2369 3691; x_wconf 83' lang='lat' dir='ltr'><strong>venenum</strong></span> <span class='ocrx_word' id='word_1_389' title='bbox 2392 3639 2672 3703; x_wconf 77' lang='lat' dir='ltr'><strong>compulit3</strong></span> <span class='ocrx_word' id='word_1_390' title='bbox 2703 3638 2780 3687; x_wconf 87' lang='lat' dir='ltr'><strong>al-</strong></span> 
     </span>
     <span class='ocr_line' id='line_1_48' title="bbox 1716 3716 2782 3785; baseline -0.008 -13"><span class='ocrx_word' id='word_1_391' title='bbox 1716 3730 1884 3772; x_wconf 89' lang='lat' dir='ltr'><strong>terum</strong></span> <span class='ocrx_word' id='word_1_392' title='bbox 1928 3720 2186 3785; x_wconf 89' lang='lat' dir='ltr'><strong>decrepiti</strong></span> <span class='ocrx_word' id='word_1_393' title='bbox 2230 3718 2393 3783; x_wconf 84' lang='lat' dir='ltr'><strong>patris</strong></span> <span class='ocrx_word' id='word_1_394' title='bbox 2437 3716 2646 3765; x_wconf 81' lang='lat' dir='ltr'><strong>delicias</strong></span> <span class='ocrx_word' id='word_1_395' title='bbox 2679 3729 2782 3779; x_wconf 83' lang='lat' dir='ltr'><strong>per</strong></span> 
     </span>
     <span class='ocr_line' id='line_1_49' title="bbox 1715 3793 2780 3866; baseline -0.009 -18"><span class='ocrx_word' id='word_1_396' title='bbox 1715 3798 2006 3863; x_wconf 85' lang='lat' dir='ltr'><strong>Harpatem</strong></span> <span class='ocrx_word' id='word_1_397' title='bbox 2047 3794 2308 3846; x_wconf 83' lang='lat' dir='ltr'><strong>interemit</strong></span> <span class='ocrx_word' id='word_1_398' title='bbox 2328 3809 2345 3855; x_wconf 80' lang='lat'>3</span> <span class='ocrx_word' id='word_1_399' title='bbox 2365 3793 2672 3866; x_wconf 72' lang='lat' dir='ltr'><strong>¹veritusque</strong></span> <span class='ocrx_word' id='word_1_400' title='bbox 2710 3803 2780 3839; x_wconf 88' lang='lat' dir='ltr'><strong>ne</strong></span> 
     </span>
     <span class='ocr_line' id='line_1_50' title="bbox 1715 3864 2780 3939; baseline -0.007 -18"><span class='ocrx_word' id='word_1_401' title='bbox 1715 3875 1829 3939; x_wconf 87' lang='lat' dir='ltr'><strong>quis</strong></span> <span class='ocrx_word' id='word_1_402' title='bbox 1855 3888 2060 3923; x_wconf 86' lang='lat' dir='ltr'><strong>suorum</strong></span> <span class='ocrx_word' id='word_1_403' title='bbox 2087 3871 2141 3921; x_wconf 88' lang='lat' dir='ltr'><strong>id</strong></span> <span class='ocrx_word' id='word_1_404' title='bbox 2166 3870 2217 3920; x_wconf 90' lang='lat' dir='ltr'><strong>in</strong></span> <span class='ocrx_word' id='word_1_405' title='bbox 2240 3884 2315 3933; x_wconf 87' lang='lat' dir='ltr'><strong>se,</strong></span> <span class='ocrx_word' id='word_1_406' title='bbox 2348 3867 2488 3934; x_wconf 89' lang='lat' dir='ltr'><strong>quod</strong></span> <span class='ocrx_word' id='word_1_407' title='bbox 2522 3866 2572 3916; x_wconf 90' lang='lat' dir='ltr'><strong>in</strong></span> <span class='ocrx_word' id='word_1_408' title='bbox 2612 3864 2780 3929; x_wconf 85' lang='lat' dir='ltr'><strong>ipsius</strong></span> 
     </span>
     <span class='ocr_line' id='line_1_51' title="bbox 1717 3942 2782 4014; baseline -0.011 -14"><span class='ocrx_word' id='word_1_409' title='bbox 1717 3956 1918 4014; x_wconf 82' lang='lat' dir='ltr'><strong>patrem</strong></span> <span class='ocrx_word' id='word_1_410' title='bbox 1959 3950 2126 4011; x_wconf 85' lang='lat' dir='ltr'><strong>Cyrus</strong></span> <span class='ocrx_word' id='word_1_411' title='bbox 2159 3946 2340 4009; x_wconf 87' lang='lat' dir='ltr'><strong>junior</strong></span> <span class='ocrx_word' id='word_1_412' title='bbox 2376 3942 2662 4003; x_wconf 87' lang='lat' dir='ltr'><strong>moliretur,</strong></span> <span class='ocrx_word' id='word_1_413' title='bbox 2696 3954 2782 3989; x_wconf 87' lang='lat' dir='ltr'><strong>re·</strong></span> 
     </span>
     <span class='ocr_line' id='line_1_52' title="bbox 1717 4017 2781 4089; baseline -0.01 -14"><span class='ocrx_word' id='word_1_414' title='bbox 1717 4027 1852 4089; x_wconf 80' lang='lat' dir='ltr'><strong>giam</strong></span> <span class='ocrx_word' id='word_1_415' title='bbox 1885 4030 2219 4088; x_wconf 83' lang='lat' dir='ltr'><strong>cognatorum</strong></span> <span class='ocrx_word' id='word_1_416' title='bbox 2255 4020 2404 4070; x_wconf 80' lang='lat' dir='ltr'><strong>coede</strong></span> <span class='ocrx_word' id='word_1_417' title='bbox 2435 4017 2676 4083; x_wconf 84' lang='lat' dir='ltr'><strong>replevit,</strong></span> <span class='ocrx_word' id='word_1_418' title='bbox 2710 4027 2781 4065; x_wconf 80' lang='lat' dir='ltr'><strong>ex</strong></span> 
     </span>
     <span class='ocr_line' id='line_1_53' title="bbox 1716 4096 2782 4163; baseline -0.009 -11"><span class='ocrx_word' id='word_1_419' title='bbox 1716 4100 1956 4152; x_wconf 84' lang='lat' dir='ltr'><strong>Justino:</strong></span> <span class='ocrx_word' id='word_1_420' title='bbox 1998 4099 2265 4163; x_wconf 83' lang='lat' dir='ltr'><strong>octoginta</strong></span> <span class='ocrx_word' id='word_1_421' title='bbox 2302 4096 2493 4147; x_wconf 81' lang='lat' dir='ltr'><strong>fratres</strong></span> <span class='ocrx_word' id='word_1_422' title='bbox 2515 4096 2782 4159; x_wconf 81' lang='lat' dir='ltr'><strong>Sisygam-</strong></span> 
     </span>
     <span class='ocr_line' id='line_1_54' title="bbox 1717 4169 2783 4241; baseline -0.009 -14"><span class='ocrx_word' id='word_1_423' title='bbox 1717 4176 1820 4238; x_wconf 88' lang='lat' dir='ltr'><strong>bis,</strong></span> <span class='ocrx_word' id='word_1_424' title='bbox 1853 4190 1968 4241; x_wconf 83' lang='lat' dir='ltr'><strong>qnae</strong></span> <span class='ocrx_word' id='word_1_425' title='bbox 1990 4181 2177 4239; x_wconf 86' lang='lat' dir='ltr'><strong>postea</strong></span> <span class='ocrx_word' id='word_1_426' title='bbox 2196 4172 2348 4225; x_wconf 81' lang='lat' dir='ltr'><strong>Darii</strong></span> <span class='ocrx_word' id='word_1_427' title='bbox 2371 4179 2540 4223; x_wconf 83' lang='lat' dir='ltr'><strong>mater</strong></span> <span class='ocrx_word' id='word_1_428' title='bbox 2559 4169 2676 4231; x_wconf 86' lang='lat' dir='ltr'><strong>fnit,</strong></span> <span class='ocrx_word' id='word_1_429' title='bbox 2695 4182 2783 4218; x_wconf 83' lang='lat' dir='ltr'><strong>ne-</strong></span> 
     </span>
     <span class='ocr_line' id='line_1_55' title="bbox 1721 4249 2598 4315; baseline -0.006 -12"><span class='ocrx_word' id='word_1_430' title='bbox 1721 4253 1880 4315; x_wconf 82' lang='lat' dir='ltr'><strong>cavit,</strong></span> <span class='ocrx_word' id='word_1_431' title='bbox 1903 4265 1971 4301; x_wconf 83' lang='lat' dir='ltr'><strong>ex</strong></span> <span class='ocrx_word' id='word_1_432' title='bbox 1996 4249 2194 4301; x_wconf 88' lang='lat' dir='ltr'><strong>Curtio.</strong></span> <span class='ocrx_word' id='word_1_433' title='bbox 2569 4250 2598 4279; x_wconf 82' lang='grc'><strong>·“</strong></span> 
     </span>
    </p>
   </div>
  </div>
 </body>
</html>
