3144 4925
708 404 871 453 car.
901 403 1043 452 x11.
1092 404 1189 453 nn
1235 391 1618 456 moria-mus
1665 407 1820 455 Nou
1869 407 2374 460 vunoamnus.
2488 395 2620 461 887

526 545 595 609 9.
642 543 689 610 J
692 558 927 626 ungam
959 545 1191 624 illos,³⁸
1236 565 1409 628 qnos
1452 552 1518 610 et
1563 548 1984 630 propositum
2031 554 2101 613 et
2143 549 2366 614 exitus
2418 568 2616 632 pares

439 645 622 710 fecit.
710 644 884 708 Milo
914 644 1355 723 Crotoniates,
1387 665 1540 710 cum
1570 648 1692 711 iter
1718 647 1972 712 faciens
1993 667 2324 732 ,quercum
2353 649 2421 712 in
2454 668 2616 731 agro

442 746 671 810 cuneis
701 745 1007 810 adactisv
1052 747 1281 810 fissam
1314 747 1614 823 vidisset,
1640 747 1850 811 fretus
1885 748 2162 826 viribus,
2205 749 2497 814 accessit
2527 750 2616 814 ad

436 864 607 923 eam,
636 847 1041 928 insertisque
1068 847 1367 911 manibus
1397 845 1710 930 divellere
1738 855 2018 913 conatus
2039 855 2178 915 est:
2224 868 2394 933 quas
2421 851 2616 914 arbor

437 946 752 1011 excussis
777 948 1009 1010 cuneis
1028 949 1094 1010 in
1117 967 1309 1011 snam
1331 953 1628 1011 naturam
1649 954 1957 1014 revocata
1980 949 2404 1032 compressit,
2425 969 2612 1014 eum-

436 1065 567 1128 que
596 1065 749 1110 cum
775 1050 876 1110 tot
904 1046 1230 1130 gymnicis
1251 1055 1291 1083 V
1332 1048 1569 1130 palmis
1595 1048 2022 1112 lacerandum
2050 1048 2212 1112 feris
2241 1050 2572 1133 praebuit*

517 1146 622 1208 10.
668 1145 841 1210 Item
885 1146 1300 1230 Polydamas
1317 1154 1369 1197 ³⁹
1390 1155 1417 1182 ⁸
1476 1147 1732 1211 athleta
1791 1153 2186 1231 tempestate
2226 1149 2612 1232 speluncam

434 1245 653 1308 subire
686 1253 989 1324 coactus,
1032 1246 1242 1309 nimio
1273 1252 1345 1310 et
1373 1247 1600 1311 subito
1628 1249 1892 1314 incursu
1933 1267 2126 1332 aquae
2155 1249 2494 1313 labefacta
2526 1267 2612 1313 ea

358 1393 361 1408 .
431 1363 513 1410 ac
542 1353 794 1423 ruente,
824 1349 1063 1412 ceteris
1089 1346 1449 1410 comitibus
1476 1346 1636 1428 fuga
1666 1348 2036 1429 periculum
2065 1350 2450 1426 vitantibus,
2495 1367 2608 1414 so-

430 1443 539 1508 lus
574 1446 842 1523 restitit,
874 1453 1196 1528 tanquam
1226 1445 1515 1509 humeris
1545 1447 1688 1510 suis
1713 1449 1918 1512 totius
1947 1448 2152 1512 ruin'ae
2190 1447 2430 1511 molem
2462 1467 2608 1511 sus-

428 1551 826 1612 tentaturus.
914 1547 1047 1610 Sed
1077 1546 1371 1630 poudere
1400 1547 1582 1610 omni
1609 1566 1886 1630 corpore
1912 1549 2193 1613 humano
2240 1547 2607 1629 potentiore

427 1653 740 1728 pres'sus3
772 1648 999 1712 imbris
1022 1647 1366 1730 [causa]⁴⁰
1406 1648 1684 1731 petitam
1729 1649 2074 1724 latebram,
2123 1645 2604 1712 dementis‘fati

428 1747 809 1830 sepulcrum
836 1749 1085 1814 habuit.
1172 1749 1469 1813 Possunt
1513 1749 1582 1811 hi
1627 1749 1932 1831 praebere
1981 1749 2472 1846 documentum,
2501 1747 2603 1811 ni-

424 1847 563 1910 mio
592 1849 833 1912 robore
864 1849 1320 1925 membrorum,
1373 1848 1670 1929 vigorem
1715 1850 1950 1912 mentis
1995 1849 2367 1924 hebescere,
2406 1847 2602 1930 quasi

424 1948 753 2013 abnuente
780 1954 1012 2013 natura
1040 1947 1393 2030 utriusque
1413 1947 1571 2011 boni
1595 1947 2050 2029 largitionem:
2080 1968 2164 2012 ne
2185 1943 2403 2032 -su‘pr‘a
2425 1965 2600 2010 mor-

424 2047 626 2110 talem
683 2049 771 2112 sit
819 2049 1235 2125 felicitatem,
1289 2047 1572 2142 eundem
1620 2054 1694 2111 et
1736 2049 2264 2114 valentissimum
2309 2066 2483 2124 esse,
2536 2052 2604 2111 et

418 2148 1005 2230 sapientissimum.

1327 2293 1596 2316 m‘moo
1599 2296 1687 2317 ”O

415 2409 543 2459 acini
557 2423 579 2468 ,⁶
619 2423 735 2458 uam
759 2409 811 2457 in
835 2423 993 2473 grano
1016 2423 1115 2458 nou
1138 2415 1221 2458 est
1242 2411 1442 2460 humor.
1507 2410 1616 2458 Pro
1643 2411 1808 2458 humor
1830 2409 2060 2458 nonnulli
2081 2409 2227 2458 hurm-
2240 2423 2261 2466 ‚·
2283 2407 2420 2457 forte
2441 2409 2596 2458 Μυον-

417 2473 484 2522 ab
506 2474 770 2533 haerendo,
786 2474 956 2537 iuquit
977 2473 1367 2522 Baranam—38
1397 2476 1612 2535 Jungoem
1633 2479 1682 2521 et
1700 2475 1805 2521 illos
1827 2474 2012 2535 copes.
2039 2472 2288 2535 probante
2305 2472 2596 2522 Perizonio.

413 2540 545 2585 -89
577 2537 849 2585 Pelidamus
890 2536 939 2583 in
982 2537 1181 2599 aliquot
1216 2536 1368 2585 codd.
1406 2536 1533 2585 Mox
1572 2537 1852 2595 labefactata
1881 2549 1937 2584 ea
1970 2535 2140 2585 Bitnr.
2175 2539 2221 2583 1.
2287 2535 2452 2583 Paulo
2473 2542 2596 2597 post

407 2601 667 2663 periculum
702 2599 963 2648 vitantibus
1000 2602 1199 2661 egressis
1241 2600 1428 2661 Copes.
1466 2600 1636 2648 Bitnr.
1662 2605 1710 2649 1.
1738 2598 1922 2647 Leidd.
1953 2603 2004 2649 ⁴.
2028 2604 2077 2647 6.
2107 2602 2156 2648 6.
2181 2598 2371 2660 Ultraj.
2393 2602 2442 2648 1.
2464 2603 2513 2646 2.
2537 2606 2595 2647 et

411 2665 616 2714 Donac.
658 2664 792 2726 quod
830 2678 931 2712 non
964 2663 1170 2712 omuino
1202 2664 1414 2712 damnat
1433 2663 1650 2714 Torren.
1684 2662 1837 2711 aliter
1871 2663 2031 2711 sentit
2050 2662 2435 2725 Romnum—4⁰
2467 2662 2483 2690 ‘
2503 2662 2592 2711 Sic

411 2726 629 2789 Pighius
650 2727 855 2789 aliique.
925 2726 1086 2776 Aldus
1108 2727 1351 2787 imbribus,
1372 2727 1407 2776 i.
1431 2740 1477 2776 e.
1498 2740 1613 2775 eum
1638 2726 1827 2774 imbres
1850 2732 2043 2786 esseut,
2062 2724 2250 2774 omisso
2269 2738 2426 2774 causa.
2481 2725 2592 2773 De-

411 2804 526 2839 cem
550 2792 677 2839 Mss.
696 2791 817 2840 Vet.
846 2791 991 2853 Mog.
1014 2790 1071 2839 'et
1090 2792 1234 2852 Lips.
1266 2790 1445 2852 imbris,
1474 2790 1612 2853 qnod
1636 2803 1734 2852 ego
1754 2804 1847 2853 pro
1868 2788 2094 2837 imbribus
2114 2787 2308 2837 dictum
2333 2787 2591 2848 existimo,

408 2854 543 2904 sicut
560 2854 793 2917 poemati·
834 2868 930 2917 pro
959 2854 1270 2919 poematibus,
1304 2856 1386 2917 qv.
1452 2855 1630 2906 Quare
1665 2854 1822 2903 etiam
1855 2866 1996 2902 msa
2013 2853 2158 2902 uncis
2178 2850 2397 2903 inclusi.’
2426 2851 2589 2913 Kupp.

1390 2996 1603 3046 NOTAE

470 3088 702 3161 ''eumn‘s
733 3108 938 3171 adoaia]
982 3109 1128 3158 Idem
1150 3108 1353 3174 quidem
1376 3124 1455 3158 re·
1533 3108 1672 3157 mine
1693 3108 1883 3157 dicitur
1903 3105 2084 3157 bovem
2107 3119 2202 3169 per
2223 3102 2444 3153 stadium
2469 3115 2586 3165 por·

400 3183 509 3236 fert
546 3186 859 3235 Pausanias:
896 3200 1173 3236 cuneorum
1214 3200 1317 3234 non
1350 3200 1453 3234 me·
1534 3190 1684 3243 tasse,
1699 3181 1885 3230 deinde
1904 3194 2078 3244 pugno
2093 3176 2435 3238 interfecisse,
2449 3188 2586 3226 eum-

295 3271 299 3275 '
404 3260 554 3311 minit
577 3261 808 3322 Gellium
833 3260 1068 3310 arborem
1090 3261 1277 3324 patulis
1297 3261 1453 3309 ramis
1532 3272 1635 3321 qne
1660 3271 1759 3305 nuo
1780 3256 1863 3305 die
1887 3257 2177 3305 devorasse.

401 3333 563 3397 fuisse
583 3336 779 3383 scribit.
1597 3343 1619 3388 τ
1652 3333 1754 3383 An.
1773 3334 1847 3382 M.
1869 3337 2017 3384 8540.
2065 3332 2152 3382 01.
2171 3334 2251 3381 66.
2273 3332 2323 3379 3.
2372 3327 2504 3378 Urb.
2525 3326 2584 3376 C.

468 3416 503 3440 '
534 3410 623 3458 Tot
651 3409 910 3474 gymnicis]
941 3410 1145 3459 Palmas
1179 3410 1451 3473 Olympias
1530 3411 1646 3458 239.
1678 3408 1804 3458 Ant.
1830 3408 1926 3458 Ch.
1946 3411 2061 3457 51⁸.
2097 3444 2106 3453 .
2619 3448 2624 3453 .

402 3496 515 3545 sex,
555 3484 802 3546 Pythicas
841 3485 1059 3535 totidem
1097 3484 1315 3548 adeptus
1351 3490 1452 3547 est,
1594 3490 1621 3516 ¹
1656 3483 1957 3547 Polydamas]
2004 3485 2230 3532 Leonem
2250 3477 2458 3529 inermis
2479 3492 2584 3527 am-
2619 3476 2628 3483 ’

402 3571 469 3606 ex
491 3557 748 3607 Pausania
764 3558 1020 3608 etSuida:
1041 3560 1228 3607 malum
1251 3556 1449 3608 t'eneuti
1526 3564 1711 3625 plexus
1734 3577 2005 3626 superasse
2034 3561 2236 3621 fertur-3
2271 3572 2580 3621 currumque

396 3632 591 3695 digitis,
645 3646 795 3681 nemo
850 3639 1056 3695 poterat
1098 3640 1447 3695 extorquet-eg
1526 3637 1798 3700 agitatum,
1843 3638 2044 3701 quoties
2082 3634 2422 3703 apprehendit
2457 3633 2579 3682 dex·

396 3706 521 3755 dum
540 3708 593 3755 iu
616 3706 759 3755 disco
780 3706 1116 3768 constitisset,
1149 3720 1301 3755 nemo
1335 3721 1446 3756 ves·
1524 3719 1657 3777 tera,
1690 3714 1971 3762 retinuisse.

396 3781 524 3845 tigio
547 3781 823 3832 dimovere.
888 3782 952 3831 In
986 3780 1259 3846 Olympico
1280 3789 1445 3833 certa·
