3144 4925
1145 412 1310 465 cAr.
1341 414 1409 462 v.
1458 413 1557 461 nn
1602 412 1973 465 Jus'rvru.
2514 398 2647 466 635
2698 412 2711 425 ·

456 554 921 620 molitionibus
939 562 960 591 ⁸
1005 554 1092 618 ad
1121 555 1570 638 principatum
1600 554 1890 620 Graeciae
1918 553 2409 638 capessendum
2434 556 2643 620 nutri·-

455 663 595 721 ret:
641 658 713 720 in
744 656 1074 720 concione
1113 654 1306 732 dixit,
1353 659 1373 689 ‘
1391 655 1637 719 habere
1683 676 1757 720 se
1806 676 1943 721 rem
1996 656 2471 721 deliberatione
2518 676 2643 721 sua

452 759 821 841 provisam,
839 778 1037 842 quam
1068 758 1130 823 si
1155 757 1422 823 fortuna
1447 756 1536 823 ad
1553 756 1860 849 effectum
1885 758 2163 841 perduci
2194 777 2401 841 passa
2432 764 2641 836 esset,

445 859 616 928 nihil
643 860 868 943 majus
898 868 1018 923 aut
1043 859 1392 943 potentius
1423 857 1814 921 Atheniensi
1842 859 2096 941 populo
2128 859 2464 923 futurum:
2508 858 2637 923 sed

453 977 600 1024 earn
631 959 884 1042 vulgari
911 979 1040 1024 non
1069 956 1419 1042 oportere!
1480 958 2023 1041 Postulavitque,
2055 963 2077 992 ‘
2094 964 2173 1022 ut
2199 960 2449 1041 aliquis
2478 958 2639 1036 sibi,

451 1061 568 1123 cui
609 1061 792 1123 illam
837 1060 1041 1124 tacite
1085 1064 1471 1143 exponeret,
1520 1056 1792 1123 daretur
1810 1056 1851 1123 ε’
1896 1058 2094 1122 datus
2142 1067 2252 1123 est
2281 1058 2649 1124 Aristides.=

452 1158 526 1223 Is
545 1166 921 1245 postquam
973 1157 1365 1241 cognovit,³⁸
1418 1158 1710 1223 classem
1757 1158 1949 1223 illum
1975 1166 2027 1211 ³⁹
2086 1158 2641 1225 Lacedaemonio-

446 1278 610 1337 rum,
641 1279 796 1343 quae
827 1267 966 1325 tota
1009 1259 1193 1343 apud
1241 1258 1602 1344 Gythaeum
1624 1267 1681 1307 4⁰
1738 1260 2071 1326 subducta
2108 1267 2276 1339 erat,
2328 1262 2501 1327 velle
2539 1263 2642 1325 in-

449 1361 757 1439 cendere,
807 1368 880 1426 ut
927 1381 1010 1427 ea
1053 1368 1413 1427 consumta
1458 1360 1823 1427 dominatio
1874 1363 2079 1427 maris
2098 1363 2293 1447 ⁴ipsis
2338 1362 2639 1427 cederet:

446 1463 774 1546 processit
801 1462 888 1527 ad
917 1464 1126 1541 cives,
1158 1471 1230 1527 et
1257 1464 1553 1540 retulit,4¹
1602 1468 1623 1498 ‘
1644 1464 2160 1529 Themistoclem
2190 1471 2266 1528 ut
2288 1466 2450 1530 utile
2478 1483 2639 1529 con-

447 1563 694 1641 silium,
725 1565 819 1629 ita
845 1564 1111 1628 minime
1133 1564 1392 1648 justum
1423 1566 1655 1629 animo
1683 1564 1994 1629 volvere!
2083 1565 2143 1627 E
2175 1565 2457 1647 vestigio
2486 1567 2638 1630 uni-

443 1683 646 1729 versa
715 1666 955 1730 concio
1024 1666 1210 1751 quod
1284 1686 1554 1750 aequum
1602 1685 1737 1731 non
1776 1665 2132 1745 videretur,
2176 1686 2258 1730 ne
2316 1666 2637 1748 expedire

447 1765 710 1847 quidem
764 1766 1232 1849 proclamavit,
1284 1786 1368 1832 ac
1427 1769 1733 1850 protinus
1781 1767 2307 1831 Themistoclem
2366 1767 2636 1851 incepto

446 1864 776 1929 desistere
797 1866 1053 1949 jussit.†
2419 1936 2429 1945 ‚

525 1964 592 2031 3.
640 1966 830 2032 Nihil
846 1968 983 2032 illis
1001 1968 1204 2032 etiam
1225 1967 1510 2052 justitiae
1533 1969 1865 2053 exemplis
1889 1968 2147 2033 fortius.
2214 1968 2639 2045 Zaleucus‚4²

440 2066 602 2130 urbe
653 2066 1084 2133 Locrensium
1134 2089 1176 2134 a
1205 2090 1278 2133 se
1307 2071 1763 2135 saluberrimis
1811 2076 2015 2154 atque
2052 2070 2431 2133 utilissimis
2470 2068 2635 2150 legi·

440 2166 570 2231 bus
622 2168 899 2247 munita,
938 2189 1093 2234 cum
1137 2168 1318 2233 filius
1365 2171 1510 2254 ejus
1562 2172 1873 2236 adulterii
1931 2172 2201 2235 crimine
2255 2170 2635 2246 damnatuS,

443 2268 811 2333 secundum
845 2271 962 2354 jus
993 2272 1080 2334 ab
1121 2272 1272 2354 ipso
1319 2270 1778 2348 constitutum,
1823 2278 2103 2353 utroque
2153 2271 2355 2335 oculo
2406 2287 2633 2333 carere

440 2365 730 2446 deberet,
764 2389 844 2433 ac
892 2375 1037 2434 tota
1073 2370 1314 2435 civitas
1364 2372 1432 2436 in
1461 2372 1775 2437 honorem
1808 2374 2023 2454 patris
2039 2378 2090 2420 4³
2153 2392 2373 2457 poenae
2404 2390 2634 2434 neces-

442 2470 718 2535 sitatem
773 2472 1276 2538 adolescentulo
1327 2475 1716 2551 remitteret,
1744 2475 2161 2560 aliquamdiu
2216 2473 2633 2555 repugnavit.

437 2567 552 2634 Ad
595 2573 901 2638 ultimum
948 2576 1266 2656 precibus
1313 2577 1554 2660 populi
1583 2577 1929 2654 evictus,⁴4
1970 2595 2096 2639 suo
2146 2575 2352 2658 prius,
2391 2566 2633 2636 deinde‘

434 2670 560 2736 filii
590 2673 790 2738 oculo
820 2681 1026 2754 eruto,
1055 2696 1250 2740 usum
1277 2677 1544 2742 videndi
1569 2678 1834 2759 utrique
1860 2677 2143 2760 reliquit.
2202 2675 2315 2738 Ita
2334 2674 2630 2737 debitum

437 2774 758 2857 supplicii
809 2777 1080 2841 modum
1130 2779 1258 2860 legi
1307 2777 1617 2854 reddidit,
1665 2779 2002 2862 aequitatis
2050 2774 2427 2841 admirabili
2458 2781 2629 2838 tem-

1379 2939 1714 2962 WON

435 3041 520 3084 tur
555 3036 682 3086 iilud
721 3051 1000 3100 pronomen
1039 3052 1106 3087 se.
1170 3037 1375 3086 Deinde
1414 3041 1478 3087 ud
1513 3037 1733 3102 effectum
1762 3035 1963 3099 produci
1997 3034 2171 3084 Bitur.
2210 3037 2393 3083 1.-88
2428 3034 2629 3082 Decem

435 3099 584 3150 codd.
605 3102 822 3150 Torren.
851 3116 966 3151 cum
989 3103 1136 3164 Mog.
1172 3103 1591 3162 recognovit—39
1622 3103 1708 3150 Sic
1730 3100 1941 3162 Pighius
1978 3113 2097 3149 cum
2135 3097 2333 3162 aliquot
2370 3097 2499 3150 Mas.
2518 3099 2627 3161 qui

433 3162 625 3225 partim
659 3165 858 3214 habent
875 3167 1068 3216 classen
1088 3167 1222 3214 illam
1243 3181 1357 3216 cum
1383 3167 1523 3228 Meg.
1591 3165 1836 3214 Nonnulli
1859 3178 1975 3212 cum
1995 3163 2109 3212 aliis
2132 3163 2263 3212 edit.
2301 3176 2406 3210 eum
2435 3163 2629 3210 clamen

433 3227 710 3278 illam—4⁰
743 3230 887 3278 Unus
909 3229 1058 3278 Leid.
1078 3229 1292 3291 Sigeum.
1327 3230 1520 3293 Ultraj.
1545 3230 1696 3291 prim.
1724 3229 1969 3276 Githeum.
2018 3225 2178 3290 Apud
2201 3227 2310 3276 Liv.
2334 3226 2399 3274 L.
2419 3238 2625 3276 xxxxv.

432 3293 514 3340 38.
540 3291 774 3354 Gythium
793 3293 1003 3355 legitur.
1066 3294 1171 3342 Sed
1212 3294 1450 3343 similiter
1484 3295 1643 3342 etiam
1680 3292 1818 3355 apud
1844 3292 2057 3341 Graecos
2090 3290 2244 3340 modo
2267 3288 2443 3350 Γύθιον,
2472 3289 2631 3338 modo

433 3357 618 3404 Γυθεῖον
647 3357 754 3404 dici
792 3358 1136 3406 observarunt
1173 3357 1266 3405 viri
1305 3357 1462 3406 docti.
1525 3357 1663 3405 Vide
1685 3357 1738 3406 J.
1760 3356 1976 3404 Meursii
2010 3355 2165 3404 Misc.
2191 3355 2317 3403 Lac.
2340 3367 2421 3402 xv.
2442 3355 2619 3402 6.·-41

432 3419 586 3468 Hanc
609 3419 1012 3469 concinnitatem
1037 3421 1222 3482 Pighio
1245 3421 1506 3496 debemqs.
1547 3420 1681 3474 Post
1698 3420 1883 3467 Aldum
1908 3418 2047 3468 enim
2062 3419 2364 3480 legebatur:
2395 3419 2625 3479 processit

431 3483 496 3530 ed
514 3483 638 3532 cives
656 3489 704 3532 et
719 3485 836 3546 ipsis
854 3485 1035 3533 retulit.
1099 3485 1204 3534 Sed
1224 3485 1343 3547 ipsis
1364 3489 1615 3534 omittunt
1637 3482 1895 3532 editiones
1927 3483 2015 3532 illo
2048 3482 2364 3546 antiquiores
2400 3488 2457 3529 et
2490 3481 2621 3531 Mas.

431 3545 598 3598 Paulo
619 3555 737 3608 post
756 3562 850 3611 pro
872 3549 1055 3610 incepto
1075 3548 1317 3611 desistere,
1345 3549 1489 3598 Med.
1511 3562 1619 3596 sec.
1640 3547 1699 3595 ab
1732 3547 1913 3609 incepto
1942 3546 2313 3594 desistere—42
2344 3543 2433 3592 Sic
2474 3549 2621 3592 recte

432 3609 574 3673 Meg.
597 3611 817 3660 Mediol.
840 3612 1163 3662 Ascen.Ald.
1184 3613 1350 3663 Colin.
1373 3621 1428 3662 et
1449 3611 1689 3676 plerique
1710 3611 1841 3660 Mas.
1857 3610 1987 3660 edit.
2002 3611 2137 3658 Ven.
2159 3609 2395 3658 Seleucus.
2416 3605 2623 3669 Gryph.

430 3679 488 3724 et
508 3673 640 3723 Rob.
661 3675 841 3738 Steph.
869 3675 1110 3725 zeleucus.
1174 3676 1327 3727 Quod
1367 3683 1577 3726 secutus
1612 3682 1696 3723 est
1734 3674 1963 3736 Pighius,
1993 3673 2215 3722 mutavit
2253 3673 2618 3722 Celerum—48

429 3735 604 3788 Verba
625 3739 678 3787 in
698 3740 912 3787 honorem
925 3740 1082 3802 patris
1103 3739 1292 3790 desunt
1315 3741 1367 3788 in
1388 3740 1669 3790 Ham—44
1705 3738 1853 3788 Idem
1890 3737 2077 3800 codex,
2107 3735 2275 3785 εἰσίω.
2342 3734 2469 3782 Mox
2502 3746 2617 3796 sep-

1415 3863 1635 3912 No'rAE

489 3979 511 4006 ¹'
563 3973 882 4023 moriamini:
931 3974 1276 4037 molitionibus]
1339 3976 1483 4024 Dum
1562 3976 1649 4025 De
1670 3975 1893 4024 Zaleuco
1912 3972 2001 4023 lib.
2020 3984 2062 4020 1.
2086 3986 2134 4020 c.
2158 3975 2205 4019 2.
2226 3983 2277 4018 n.
2293 3973 2345 4019 4.

425 4050 540 4114 ipse
563 4050 985 4100 Lacedaemonios
1021 4051 1226 4115 legatus
1264 4051 1482 4114 deludit,
1625 4057 1649 4102 t
1681 4052 1782 4101 An.
1803 4052 1881 4102 M.
1903 4053 2049 4100 3577.
2095 4046 2181 4098 Ol.
2204 4051 2287 4098 76.
2310 4051 2361 4097 4.
2407 4044 2534 4096 Urb.
2557 4047 2619 4098 C.

428 4125 688 4188 persuasit
731 4126 838 4174 suis
881 4133 938 4174 ut
977 4133 1032 4176 et
1071 4126 1250 4175 urbem
1299 4131 1355 4176 et
1395 4127 1483 4175 Pi·
1558 4130 1678 4177 276.
1710 4126 1837 4176 Ant·
1858 4123 1953 4174 Ch.
1977 4127 2091 4174 476.

428 4213 586 4250 rreum
616 4215 763 4252 muro
791 4203 1080 4267 cingerent.
1144 4202 1230 4253 Ita
1250 4202 1483 4267 Thucyd.

1431 4319 1460 4334 Q
