3144 4925
561 393 704 460 610<

562 556 713 618 haec
764 553 1074 638 praefatio
1123 553 1292 618 fuit:
1340 559 1362 589 ‘
1394 553 1685 619 Manlius
1732 573 1883 617 eras
1936 552 2122 628 mihi,
2170 571 2326 616 cum
2369 552 2759 635 praecipites

565 656 811 736 agebas
861 655 1156 718 Senones
1175 662 1238 719 :⁴
1278 662 1645 738 postquam
1691 654 1936 718 imitari
1980 654 2279 736 coepisti,
2318 672 2489 721 unus
2536 653 2759 720 factus

566 777 640 821 es
671 776 757 819 ex
787 753 1213 820 Senonibus!
1302 754 1534 836 Hujus
1578 754 1909 836 supplicio
1952 761 2222 818 aeternae
2262 753 2605 816 memorias
2635 771 2757 817 no—

563 856 679 924 tai’
716 857 967 919 inserta
992 861 1119 920 cst.
1209 854 1498 936 Propter
1539 853 1726 916 illum
1774 853 1951 916 enim
1997 853 2145 934 lege
2191 853 2433 917 sanciri
2476 854 2759 937 placuit,

563 979 648 1022 ne
689 959 840 1041 quis
885 956 1208 1040 patricius
1232 957 1321 1019 ,in
1363 973 1540 1031 arce,
1571 961 1691 1018 aut
1732 953 2102 1036 Capitolio,
2142 954 2504 1018 habitaret:
2548 955 2707 1036 quia
2731 961 2755 998 ⁵

563 1060 828 1124 domum
877 1057 1121 1121 coloci
1165 1058 1510 1133 habuerat,
1541 1056 1661 1119 ubi
1698 1075 1872 1120 nunc
1923 1055 2133 1121 aedem
2180 1055 2474 1120 Monetae
2496 1063 2521 1090 ⁰
2562 1054 2754 1118 vide-

561 1172 765 1225 mus.·
853 1161 988 1223 Par
1039 1159 1410 1240 indignatio
1458 1155 1805 1223 civitatis⁶
1868 1157 2195 1222 adversus
2243 1157 2361 1240 Sp.
2401 1153 2757 1222 Cassiumd

561 1264 814 1344 erupit:
859 1262 968 1326 cui
1011 1263 1163 1346 plus
1205 1261 1504 1342 suspicio
1555 1261 1933 1342 concupitae
1986 1258 2754 1334 dominationis'nocuit,

565 1383 762 1446 quam
809 1371 943 1426 tres
972 1361 1312 1443 magnifici
1357 1360 1774 1436 consulatnS,
1822 1379 1903 1424 ac
1950 1360 2087 1424 duo
2132 1359 2615 1442 speciosissimi
2643 1360 2757 1423 tri-

559 1465 790 1548 umphi
842 1464 1242 1546 profuerunt.
1331 1463 1618 1526 Senatus
1678 1461 1874 1538 enim,
1924 1463 2349 1544 populusque
2406 1460 2752 1524 Romanus

556 1584 691 1628 non
747 1569 1100 1628 contentus
1146 1562 1424 1644 capitali
1481 1581 1636 1625 eum
1681 1561 2019 1645 supplicio
2070 1561 2349 1638 afficere,
2402 1562 2749 1625 interemto

560 1665 830 1728 domum
878 1665 1259 1750 superjecit,
1299 1669 1372 1727 ut
1422 1663 1776 1744 penatium
1809 1683 2077 1745 quoque
2123 1667 2337 1742 strage
2388 1663 2753 1743 puniretur.

558 1763 640 1828 In
668 1767 812 1830 solo
843 1773 1065 1831 autem
1095 1766 1304 1830 aedem
1332 1765 1621 1828 Telluris
1669 1765 1850 1828 fecit.
1938 1764 2172 1847 Itaque
2205 1763 2385 1847 quod
2417 1763 2603 1846 prius
2632 1762 2766 1834 doz

557 1867 880 1932 micilium
923 1868 1304 1950 impotentis
1327 1875 1352 1914 ⁷
1398 1867 1520 1931 viri
1562 1867 1803 1943 fuerat,
1840 1886 2018 1940 nunc
2056 1867 2384 1946 religiosae
2425 1865 2752 1929 severita-

1155 409 1470 459 vALssRu
1519 407 2008 474 ngxnss‘mn.
2052 408 2169 455 v1:

1474 2059 1833 2079 OOOOOOOOOOO

563 2155 875 2204 Mallius.—4
909 2155 1066 2204 Multi
1086 2154 1240 2204 codd.
1259 2155 1490 2218 ejusdem
1507 2156 1703 2206 habent
1727 2155 1955 2207 Senonas.
1991 2157 2119 2206 Mox
2133 2172 2229 2221 pro
2252 2158 2455 2218 imitari,
2474 2157 2609 2220 quod
2625 2171 2747 2220 sep-

557 2228 664 2268 tem
703 2218 854 2270 codd.
889 2226 1165 2274 testantur,
1199 2226 1254 2268 et
1277 2221 1426 2268 unice
1451 2234 1629 2268 verum
1661 2230 1839 2270 censet
1861 2223 2076 2270 Torren.
2131 2221 2345 2283 Pighius
2382 2223 2512 2284 legit
2532 2223 2746 2279 mutatu

555 2283 746 2344 Ultraj.
779 2288 827 2331 l.
851 2291 905 2331 et
927 2283 1121 2332 Medic.
1143 2287 1192 2333 2.
1217 2285 1463 2332 exhibent
1485 2285 1727 2333 immtari
1742 2301 1762 2342 ,·
1796 2299 1924 2334 unus
1947 2285 2064 2334 cod.
2096 2291 2339 2348 postquam
2360 2287 2545 2334 imitari
2567 2300 2642 2334 eos
2662 2303 2751 2334 coe-

549 2347 671 2409 pisti
691 2361 710 2401 ,·
749 2347 835 2394 alii
873 2348 1160 2396 mutari.—5
1197 2348 1331 2396 Edd.
1367 2348 1529 2411 antiq.
1576 2356 1770 2410 praeter
1811 2351 1953 2411 Mog.
1992 2351 2103 2412 qm‘5
2136 2350 2226 2398 sed
2262 2351 2407 2410 Mog.
2442 2365 2557 2398 011111
2592 2349 2747 2398 codd.

552 2411 684 2473 quia,
728 2416 788 2458 ut
821 2411 1038 2473 Pighius
1076 2412 1489 2461 emendavit-*6
1523 2413 1609 2460 Ita
1646 2427 1821 2462 omnes
1852 2413 2006 2462 codd.
2044 2427 2159 2462 cum
2194 2411 2497 2477 Vet.-Mog.
2532 2414 2747 2462 Venett.

551 2474 774 2523 Medici.
799 2484 854 2524 et
877 2474 1091 2523 Ascens.
1113 2477 1322 2525 civitatis
1338 2476 1622 2525 omiserant
1642 2476 1764 2526 Ald.
1789 2479 1957 2528 Colin.
1980 2477 2182 2541 Gryph.
2208 2484 2263 2526 et
2282 2478 2463 2539 Steph.
2486 2479 2751 2528 revocavit

551 2538 883 2600 Pighius.-'7
919 2540 1004 2587 Ita
1037 2540 1252 2602 Pighius
1297 2556 1362 2589 ex
1401 2540 1584 2588 Ati-eb.
1618 2542 1823 2589 Winck.
1856 2550 1913 2589 et
1953 2543 2136 2603 Camp.
2172 2542 2347 2604 itaque
2383 2542 2577 2593 Brund.
2612 2545 2659 2590 1.
2694 2542 2760 2591 2:

551 2602 746 2665 Ultraj.
777 2607 826 2652 2.
863 2612 918 2651 et
956 2604 1098 2652 Leid.
1126 2609 1174 2652 5.
1217 2604 1537 2665 potentissimi
1575 2604 1833 2653 dederunt
1874 2604 1997 2656 Ald.
2030 2607 2208 2655 Chalc.
2253 2606 2423 2655 Colin.
2446 2606 2645 2669 Gryph.
2690 2612 2757 2669 et,

549 2666 730 2729 Steph.
754 2667 848 2715 viri
865 2668 1182 2731 potentissimi
1201 2668 1399 2720 Medic.
1427 2672 1468 2715 1.
1492 2672 1540 2717 2.
1559 2670 1871 2732 proepotentis
1891 2670 2063 2719 Bitur.
2089 2674 2135 2720 1.
2169 2671 2377 2732 potentis
2401 2676 2602 2733 septem
2622 2670 2706 2718 alii
2729 2685 2745 2728 ;

1818 2798 1849 2821 l

1541 2814 1589 2861 N
1596 2812 1761 2865 01*AE

551 2913 816 2992 carcerem
839 2944 1122 3007 conjicitur
1148 2960 1160 2994 ε
1196 2944 1291 2993 sed
1309 2959 1430 2993 mox
1448 2960 1610 3008 popu·
1693 2946 1831 3010 quod
1861 2947 2027 2995 latum
2050 2945 2116 2994 nd
2151 2947 2392 3009 populum
2416 2951 2517 3007 est,
2541 2958 2607 2993 ne
2630 2945 2747 3009 quis

545 3018 582 3066 li
611 3025 750 3067 metu
775 3018 1023 3067 liberatus
1048 3019 1250 3082 plebem
1275 3020 1340 3069 ad
1365 3022 1464 3068 vim
1489 3035 1608 3069 con·

551 3092 682 3140 citat
706 3108 719 3140 :
773 3107 934 3155 quare
978 3093 1089 3142 dies
1135 3096 1234 3156 ipsi
1278 3110 1308 3143 a
1363 3095 1608 3143 Tribunis

546 3166 714 3227 plebis
747 3166 969 3227 dicitur3
1007 3176 1114 3217 tum
1147 3170 1236 3217 ille
1265 3184 1348 3217 res
1373 3184 1474 3235 ase
1495 3186 1608 3232 ges·

546 3248 628 3288 tas
661 3248 1080 3302 commemorare,
1099 3244 1319 3291 hostlum
1354 3236 1605 3294 caesorum

545 3317 732 3378 spolia,
770 3315 1008 3381 donaque
1049 3316 1281 3381 proferre
1316 3318 1604 3380 imperato-

545 3404 679 3452 rum,
704 3398 755 3440 et
779 3392 842 3440 ad
868 3393 1184 3455 Capitolium
1204 3393 1482 3443 identidem
1500 3410 1604 3446 ma-

545 3479 644 3514 nus
690 3467 940 3517 tendere:
977 3484 1199 3533 cumque
1241 3470 1404 3519 amica
1455 3472 1604 3533 plebs

541 3539 710 3591 ferret
731 3541 990 3606 suffragia,
1009 3546 1268 3608 inlocum,
1283 3546 1420 3595 unde
1438 3548 1487 3595 in
1506 3548 1605 3597 Ca·

542 3618 780 3681 pitolium
802 3629 1114 3683 conspectus
1147 3636 1250 3671 non
1297 3630 1452 3685 esset,
1483 3638 1604 3671 con·
1636 3644 1641 3651 ¹

544 3694 720 3743 cilium
762 3697 938 3759 populi
983 3698 1288 3746 translatum
1333 3703 1432 3745 est.
1499 3697 1603 3746 Ubi

543 3768 816 3818 damnatus
845 3785 874 3818 11
901 3771 1139 3820 Tribunis
1177 3770 1365 3835 plebis,
1400 3786 1430 3819 e
1473 3786 1601 3820 saxo

542 3846 765 3909 Tarpeio
785 3846 1023 3909 dejectus
1046 3854 1126 3896 est
1146 3864 1161 3908 ;
1197 3849 1441 3910 locusque
1461 3847 1601 3895 idem

542 3922 596 3969 in
627 3936 727 3971 uno
751 3923 976 3985 homine,
1001 3930 1054 3973 et
1077 3923 1279 3971 eximiae
1300 3923 1480 3985 gloriae
1498 3937 1604 3971 mo·

543 4006 861 4060 numentum,
910 4007 966 4048 et
1016 4013 1183 4062 poenae
1223 3997 1416 4046 ultimae
1487 3996 1605 4047 fuit.

545 4070 678 4119 Haec
712 4074 878 4122 Livius
899 4074 988 4125 lib.
1013 4070 1095 4123 vr.

604 4144 630 4178 h
661 4148 874 4198 AEternoe
911 4150 1145 4199 memoria·
1187 4148 1322 4211 nota]
1356 4148 1599 4212 Adjectae

541 4228 741 4271 mortuo
765 4222 880 4270 duae
903 4231 1039 4273 notae
1064 4231 1218 4275 sunt:
1255 4223 1464 4287 publica
1481 4238 1599 4284 una,

1692 3022 1938 3084 patricius
1963 3023 2015 3069 in
2048 3035 2169 3070 arce
2200 3027 2289 3069 ant
2312 3021 2572 3083 Capitolio
2600 3020 2746 3069 habi·

1690 3103 1855 3145 taret:
1896 3095 2156 3158 gentilitia
2188 3095 2369 3156 alteru,
2407 3094 2541 3158 quod
2578 3096 2747 3157 gentis

1690 3171 1899 3221 Manliae
1936 3169 2152 3219 decreto
2176 3177 2386 3219 cautum
2424 3169 2746 3236 εει-,11001111

1686 3244 1875 3293 deinde
1889 3245 1965 3294 Μ.
1976 3244 2203 3291 Manlius
2228 3250 2518 3293 vocaretur.
2742 3254 2749 3263 ·

1750 3328 1773 3353 ο
1804 3322 1973 3369 AEdem
1998 3320 2228 3381 Monetoe]
2260 3318 2501 3379 Junonis,
2538 3317 2623 3367 cui
2656 3332 2745 3366 no-

1686 3410 1802 3445 men
1836 3396 1955 3445 inde
1987 3394 2181 3444 factum
2216 3393 2441 3454 dicitur3
2495 3393 2633 3457 quod
2670 3393 2745 3443 ibi

1686 3486 1785 3520 vox
1810 3472 1987 3521 audita
2010 3477 2170 3531 esset,
2202 3468 2425 3521 dicentis
2458 3469 2749 3518 adventare.
2808 3500 2815 3507 -

1686 3546 1883 3595 Gallos.
2648 3566 2653 3573 ·

1749 3620 1779 3650 *
1802 3619 1903 3669 An.
1925 3620 2004 3668 M.
2028 3623 2173 3669 3671.
2207 3618 2294 3669 01.
2318 3624 2400 3669 99.
2424 3623 2473 3670 2.
2496 3619 2640 3668 ‘Urb.
2675 3621 2738 3670 C.

1684 3701 1795 3746 370.
1812 3695 1939 3746 Ant.
1967 3697 2059 3747 Ch.
2082 3701 2195 3747 382.

1746 3771 1770 3805 ‘¹
1802 3774 2039 3822 Adversus
2092 3774 2180 3835 Sp.
2230 3772 2472 3835 Cassium]
2527 3771 2740 3821 Caedem

1684 3849 1774 3911 Sp.
1801 3849 1965 3897 Cassii
1998 3849 2329 3911 exposuimus
2356 3848 2443 3898 lib.
2467 3862 2506 3895 1.
2546 3862 2590 3897 0.
2610 3852 2661 3897 4.
2687 3863 2740 3899 n.

1685 3927 1733 3971 6.
1779 3924 1854 3973 Μ.
1879 3924 2054 3972 Flacci
2079 3922 2165 3971 lib.
2185 3938 2225 3972 1.
2262 3937 2307 3972 0.
2326 3927 2373 3972 7.
2408 3937 2461 3971 11.
2485 3927 2533 3971 6.
2570 3923 2630 3971 L.
2652 3923 2739 3971 Sa-

1688 3998 1881 4047 turnini
1904 3998 1993 4047 lib.
2029 4011 2115 4047 111.
2152 4012 2199 4047 0.
2222 4002 2271 4047 2.
2301 4012 2351 4050 11.
2374 4002 2454 4047 18.
2472 3999 2550 4048 Ti.
2572 3999 2738 4048 Grac·

1679 4072 1760 4121 chi
1794 4074 1881 4122 lib.
1907 4087 1945 4122 1.
1983 4086 2032 4121 c.
2054 4077 2105 4122 4.
2152 4077 2269 4123 n.2.
2308 4074 2367 4123 C.
2392 4072 2612 4125 Gracchi
2646 4074 2739 4125 lib.

1679 4162 1719 4198 1.
1759 4145 1806 4199 c.
1830 4152 1879 4197 7.
1918 4156 1977 4197 ’11.
2000 4152 2048 4196 6.
