3144 4925
571 403 703 470 ⁵16
1183 414 1488 466 §munau
1540 416 1827 465 MAxmi
1885 418 2022 467 me.
2073 417 2135 463 v.

573 565 862 647 posuit.·
948 561 1123 644 Ergo
1151 561 1582 626 humanitatis
1608 561 1894 625 dulcedo
1924 562 2125 624 etiam
2149 560 2214 624 in
2242 559 2513 624 efferata
2530 568 2583 610 ⁹¹
2615 561 2768 624 bar-

570 667 883 730 barorum
940 665 1208 747 ingenia
1263 670 1593 747 penetrat,
1652 670 2013 746 torvosque
2074 667 2145 726 et
2203 670 2425 727 truces
2473 661 2769 726 hostium

567 767 786 832 mollit
827 767 1081 843 oc'uIOS,
1123 785 1207 830 ac
1245 765 1546 830 victoriae
1596 764 2155 828 insolentissimos
2204 764 2483 847 spiritus
2535 763 2767 828 flectit.

575 867 727 933 Nec
756 868 852 932 illi
881 868 1154 932 arduum
1203 887 1284 931 ac
1315 865 1583 930 difficile
1630 870 1814 944 est,⁹²
1859 867 2028 928 inter
2062 885 2243 930 arma
2282 867 2640 942 contraria,
2668 866 2805 940 iu-=

574 976 672 1034 ter
730 969 1071 1034 districtos
1130 969 1439 1033 cominus
1495 985 1839 1030 mucrones
1897 967 2236 1049 placidum
2288 968 2417 1031 iter
2457 968 2766 1050 reperire.

575 1069 806 1134 Vincit
827 1071 1017 1148 iram,
1048 1070 1408 1153 prosternit
1437 1069 1685 1147 odium,
1714 1069 2159 1152 hostilemque
2200 1070 2591 1150 sanguinem
2618 1069 2768 1132 hos-

572 1170 810 1238 tilibus
863 1171 1176 1254 lacrymis
1227 1173 1484 1236 miscet.
1576 1170 1754 1248 Quae
1814 1172 2019 1234 etiam
2068 1170 2523 1235 admirabilem
2575 1169 2771 1234 Han-

571 1272 818 1338 nibalis
833 1281 883 1322 ⁹³
920 1292 1150 1336 vocem
1190 1292 1310 1356 pro
1337 1270 1699 1338 ,funeribus
1730 1269 2187 1335 Romanorum
2223 1271 2467 1336 ducum
2498 1271 2772 1337 arbitria

577 1375 935 1440 statuentis
991 1373 1376 1458 expressit!
1464 1371 1691 1450 Quare
1705 1379 1767 1436 ,94
1822 1372 2170 1455 aliquanto
2217 1373 2279 1436 ei
2331 1361 2481 1457 plus
2540 1373 2769 1455 gloriae

577 1476 864 1550 Paulus,
916 1475 1288 1552 GracchuS,
1337 1483 1416 1538 et.
1459 1475 1823 1539 Marcellus
1882 1477 2151 1558 sepulti,
2200 1495 2397 1558 quam
2458 1474 2772 1559 oppressi

575 1577 955 1641 attulerunt.
1043 1577 1383 1660 Siquidem
1433 1577 1588 1641 illos
1636 1575 1895 1641 Punico
1945 1585 2097 1640 astu
2132 1577 2415 1662 decepit,
2459 1577 2773 1642 Romana

575 1679 1088 1746 mansuetudine
1117 1679 1488 1744 honoravit}
1577 1678 1725 1742 Vos
1764 1698 2061 1762 quoque,
2089 1678 2298 1744 fortes
2344 1698 2425 1744 ac
2460 1681 2596 1763 piae
2628 1701 2772 1744 um-

570 1783 738 1858 brae,
792 1801 924 1846 non
984 1781 1412 1864 poenitendus
1461 1781 1717 1844 sortitae
1736 1787 1789 1830 ⁹⁵
1852 1781 2024 1846 estis
2071 1782 2438 1865 exequias3
2497 1801 2649 1846 nam
2696 1789 2775 1846 ut

553 1884 940 1965 ‚optabilius
971 1884 1036 1946 in
1068 1884 1310 1965 patria,
1335 1883 1428 1946 ita
1456 1882 1841 1965 speciosius
1870 1901 1993 1965 pro
2024 1883 2245 1965 patria
2280 1883 2632 1968 collapsae,
2660 1903 2771 1948 su-

575 1987 783 2066 premi
813 1984 1020 2050 officii
1050 1985 1256 2049 decus
1284 1984 1679 2050 infelicitate
1716 1985 2065 2063 amissum,
2096 1984 2337 2049 virtute
2380 2003 2773 2070 recuperas-

536 2104 542 2108 ’·
579 2087 713 2154 tis!

641 2261 666 2295 ἕ
693 2261 812 2316 Quoe
832 2264 976 2312 etiam
997 2263 1226 2326 expressit
1249 2277 1397 2312 vocem
1415 2263 1728 2312 admiratione
1748 2263 1942 2326 dig-nam
1964 2279 2025 2313 ex
2042 2262 2332 2323 Hannibale,
2351 2262 2433 2326 qui
2451 2277 2539 2326 pro
2571 2262 2773 2311 arbitrio

573 2333 778 2376 statuere
795 2333 980 2389 poterat
999 2331 1056 2376 de
1071 2329 1308 2390 sepultura
1325 2331 1494 2377 ductam
1521 2330 1849 2377 Romanorum.

639 2390 654 2423 ¹
678 2391 948 2453 optabilius
965 2391 1148 2453 quidem
1160 2391 1338 2452 fuisset
1359 2392 1410 2440 in
1427 2395 1590 2455 patria
1611 2394 1747 2454 mori,
1764 2393 2017 2454 gloriosius
2036 2397 2193 2441 tamen
2217 2407 2303 2457 pro
2323 2392 2483 2454 patria
2500 2391 2658 2441 necati
2678 2391 2779 2440 vir-

571 2461 674 2507 tute
689 2457 1003 2520 recuperastis
1019 2471 1282 2520 supremum
1305 2458 1611 2521 exequiarum
1626 2458 1842 2507 honorem
1862 2455 2143 2517 infelicitate
2156 2457 2395 2507 amissum.

1494 2599 1850 2619 OOOOOOOOOOO

572 2695 674 2747 fuit
702 2698 972 2760 impositus
1008 2708 1063 2749 et
1099 2698 1430 2750 combustus?
1474 2700 1769 2763 Kapp.—9l
1808 2698 2005 2748 Medic.
2028 2702 2078 2747 2.
2110 2696 2342 2761 effrenata
2358 2713 2379 2755 ,·
2412 2697 2557 2746 Leid.
2582 2700 2633 2745 7.
2676 2712 2771 2759 pro

574 2777 622 2811 v.
647 2764 684 2811 l.
709 2762 892 2827 effera,-
925 2765 1044 2813 Vet.
1057 2765 1240 2827 serata.
1296 2766 1422 2813 Mox
1449 2779 1541 2829 pro
1562 2764 1980 2827 torvosque,qnod
2004 2763 2251 2811 exhibent
2266 2761 2461 2811 Caueh.
2484 2770 2541 2811 et
2562 2762 2707 2810 Leid.
2730 2768 2773 2812 l.

574 2827 659 2875 alii
686 2828 837 2878 codd.
863 2843 978 2878 cum
1002 2830 1124 2881 Vet.
1153 2830 1293 2891 Mog.
1328 2830 1543 2877 Venett.
1582 2829 1799 2877 Mediol.
1835 2827 1989 2877 Aldd.
2028 2833 2327 2890 ceteraeque
2366 2833 2489 2875 ante
2533 2826 2773 2884 Pighium

571 2891 810 2955 orbusque.
843 2893 1033 2943 ‘Error
1055 2899 1198 2943 ortus
1223 2892 1338 2951 est,’
1389 2893 1555 2958 inquit
1580 2894 1753 2956 Kapp.
1786 2894 1801 2921 ‘
1823 2906 1887 2939 ex
1925 2890 2341 2955 pronuntiatione
2375 2890 2463 2939 τοῦ
2500 2889 2779 2953 tor-nosque:

580 2956 1022 3021 Haudquaquam:
1058 2964 1205 3007 ortus
1228 2966 1309 3007 est
1333 2972 1477 3007 error
1500 2972 1564 3005 ex
1592 2956 1930 3005 similitudine
1953 2972 1980 3005 v
2004 2962 2057 3003 et
2082 2956 2126 3017 b,
2158 2961 2213 3003 et
2246 2954 2379 3019 quod
2414 2959 2435 3003 t
2472 2954 2773 3018 absorptum

573 3027 689 3067 erat
714 3022 762 3071 in
791 3022 1110 3083 praecedenti
1133 3027 1368 3087 penetrat.
1435 3022 1617 3071 Codex
1642 3020 1899 3070 Perizonii
1922 3020 2116 3068 habet:
2150 3019 2370 3082 orbusque
2390 3024 2548 3067 truces
2565 3018 2770 3067 hostium

572 3083 706 3131 molit
725 3086 976 3135 auimos.-
988 3090 1054 3134 92
1079 3086 1156 3133 lta
1185 3087 1303 3133 Vet.
1329 3086 1471 3147 Mog.
1497 3087 1717 3134 Venett.
1742 3084 1961 3133 Mediol.
1986 3090 2041 3131 et
2062 3082 2277 3132 Ascens.
2295 3090 2352 3132 et
2374 3082 2528 3131 codd.
2552 3082 2773 3133 Torren.

574 3145 678 3196 Nec
713 3149 788 3195 illi
819 3151 1018 3197 arduum
1054 3154 1138 3197 aut
1158 3148 1350 3213 difficile
1370 3150 1514 3197 estin
1544 3149 1657 3199 aliis
1683 3148 1802 3198 edd.
1829 3155 1952 3195 ante
1976 3148 2239 3211 Pighinm,
2262 3147 2349 3211 qni
2372 3146 2627 3196 dederat:
2667 3148 2775 3196 Nee

572 3210 648 3259 illi
667 3211 857 3275 difficile
877 3218 924 3260 et
946 3214 1147 3261 arduum
1169 3212 1509 3261 est.-—98’Ita
1532 3213 1763 3262 restituit
1800 3212 2052 3274 Pighius;
2088 3212 2209 3261 edd.
2254 3218 2383 3261 vett.
2419 3224 2537 3261 cum
2570 3218 2773 3275 septem

571 3275 727 3323 codd.
749 3276 963 3326 Tou-ren.
1004 3278 1164 3339 Atque
1185 3276 1330 3325 etiam
1365 3276 1657 3325 Hannibalis
1686 3274 2010 3327 admirabilem
2026 3292 2046 3335 ‚·
2086 3285 2191 3329 tres
2229 3278 2345 3325 alii:
2379 3276 2537 3339 Atque
2568 3277 2777 3325 admira-

570 3337 723 3389 bilem.
795 3340 920 3387 Mox
947 3340 1103 3389 verba
1119 3342 1292 3389 ducum
1309 3340 1510 3406 arbitria
1531 3343 1787 3391 statuentis
1808 3340 1997 3389 desunt
2032 3342 2083 3390 in
2108 3341 2257 3390 Leid.
2280 3344 2461 3391 6.-94
2494 3340 2583 3389 lta
2614 3340 2770 3389 etiam

574 3403 732 3451 tacite
756 3403 990 3467 Pighius,
1013 3404 1148 3452 sicut
1172 3404 1275 3453 duo
1300 3407 1584 3468 superiora,
1602 3406 1839 3466 mutavit,
1860 3420 1976 3454 cum
2002 3415 2123 3456 ante
2148 3406 2420 3454 ederetur:
2461 3404 2611 3464 Quia,
2633 3404 2771 3468 qnod

569 3466 762 3516 habent
781 3469 1031 3517 tredecim
1056 3468 1210 3518 codd.
1233 3471 1445 3519 Torren.
1492 3471 1653 3527 Quare
1677 3480 1849 3521 tamen
1871 3478 2018 3519 extat
2058 3470 2110 3518 in
2154 3472 2342 3533 Copes.
2380 3468 2477 3523 Qui
2515 3469 2769 3517 Vsu—95

561 3530 742 3580 ‘Octo
777 3532 931 3584 codd.
971 3533 1180 3582 Tou-ren.
1215 3534 1382 3584 sortiti
1417 3550 1532 3585 cum
1567 3536 1803 3584 omnibus
1844 3533 1997 3583 editt.
2041 3543 2234 3596 praeter
2267 3533 2483 3583 Aseeus.
2524 3533 2693 3595 Lugd.
2716 3540 2771 3581 et

571 3595 762 3659 Piguit,
795 3612 908 3659 quae
931 3597 1122 3646 habeut
1145 3598 1350 3647 sorlitae.
1396 3600 1514 3647 Duo
1536 3600 1664 3649 Mss.
1673 3598 1867 3661 sortiti,
1900 3598 2085 3647 vitiose
2109 3614 2202 3661 pro
2225 3598 2403 3648 sortiti.
2470 3596 2647 3645 Sos-titi
2668 3610 2771 3645 non

570 3660 812 3723 displicet
834 3661 1267 3711 Drakenborehio
1295 3664 1360 3712 ad
1392 3664 1486 3713 Sil.
1513 3678 1568 3715 x.
1596 3669 1711 3713 307.
1746 3678 1841 3711 nec
1863 3663 2120 3725 improbat
2141 3664 2441 3713 Torrenins.
2506 3661 2582 3710 At
2605 3661 2648 3709 si
2670 3676 2771 3709 sor-

568 3724 654 3837 ἱξει·
683 3731 970 3788 teneamus,
1006 3727 1280 3789 legendum
1319 3742 1522 3793 quoque
1559 3743 1677 3778 mox
1722 3726 1931 3776 videtur
1969 3729 2196 3792 σωματικὴ
2238 3726 2327 3778 ubi
2368 3726 2490 3776 Vet.
2530 3724 2772 3789 allapsa)

625 3803 747 3853 app.

1531 3915 1538 3929 ¹
1560 3888 1773 3939 NOTAE

568 3998 687 4046 bum
728 4001 901 4050 emisit
939 3988 1292 4067 arrogantia&
1329 4002 1625 4067 annuloque
1706 4002 1827 4053 vide
1845 4002 1935 4054 lib.
1954 4018 1992 4053 1.
2018 4018 2065 4053 c.
2078 4008 2132 4051 ,6.
2158 4017 2209 4052 n.
2229 4007 2279 4052 9.

561 4072 760 4136 ablato,
813 4090 1000 4140 corpus
1057 4076 1330 4143 magnifice
1389 4085 1627 4128 ornatum
1768 4078 1800 4111 ¹³
1824 4078 1923 4129 An.
1942 4080 2019 4129 M.
2042 4082 2190 4130 3842.
2226 4078 2313 4129 Ol.
2334 4080 2449 4131 142.
2475 4082 2523 4131 1.
2556 4076 2765 4129 Utine.

563 4150 788 4200 cremari
819 4152 994 4214 jussit.
1073 4153 1153 4202 De
1193 4154 1433 4204 Marcelli
1479 4157 1625 4205 caede
1706 4159 1819 4207 ⁶41.
1853 4154 1976 4207 Ant.
1999 4154 2221 4206 ch.211.
