<?xml version="1.0" encoding="UTF-8"?>
<!DOCTYPE html PUBLIC "-//W3C//DTD XHTML 1.0 Transitional//EN"
    "http://www.w3.org/TR/xhtml1/DTD/xhtml1-transitional.dtd">
<html xmlns="http://www.w3.org/1999/xhtml" xml:lang="en" lang="en">
 <head>
  <title>
</title>
<meta http-equiv="Content-Type" content="text/html;charset=utf-8" />
  <meta name='ocr-system' content='tesseract 3.04.00' />
  <meta name='ocr-capabilities' content='ocr_page ocr_carea ocr_par ocr_line ocrx_word'/>
</head>
<body>
  <div class='ocr_page' id='page_1' title='image "./valeriimaximifa02maxigoog_0134.png"; bbox 0 0 3144 4925; ppageno 0'>
   <div class='ocr_carea' id='block_1_1' title="bbox 537 397 2097 463">
    <p class='ocr_par' dir='ltr' id='par_1_1' title="bbox 537 397 2097 463">
     <span class='ocr_line' id='line_1_1' title="bbox 537 397 2097 463; baseline -0.006 0"><span class='ocrx_word' id='word_1_1' title='bbox 537 397 668 463; x_wconf 81' lang='lat'>588</span> <span class='ocrx_word' id='word_1_2' title='bbox 1117 413 1426 461; x_wconf 67' lang='lat' dir='ltr'>unnim</span> <span class='ocrx_word' id='word_1_3' title='bbox 1480 411 1768 460; x_wconf 57' lang='lat' dir='ltr'>Maxim</span> <span class='ocrx_word' id='word_1_4' title='bbox 1822 409 2097 458; x_wconf 63' lang='lat' dir='ltr'>mmvi.</span> 
     </span>
    </p>
   </div>
   <div class='ocr_carea' id='block_1_2' title="bbox 475 552 2730 2159">
    <p class='ocr_par' dir='ltr' id='par_1_2' title="bbox 538 552 2728 944">
     <span class='ocr_line' id='line_1_2' title="bbox 541 552 2726 639; baseline -0.002 -18"><span class='ocrx_word' id='word_1_5' title='bbox 541 555 820 621; x_wconf 78' lang='lat' dir='ltr'>statione</span> <span class='ocrx_word' id='word_1_6' title='bbox 859 555 1176 622; x_wconf 82' lang='lat' dir='ltr'>celebraS.</span> <span class='ocrx_word' id='word_1_7' title='bbox 1262 556 1415 622; x_wconf 89' lang='lat' dir='ltr'>Tuo</span> <span class='ocrx_word' id='word_1_8' title='bbox 1469 557 1789 639; x_wconf 88' lang='lat' dir='ltr'>praesidio</span> <span class='ocrx_word' id='word_1_9' title='bbox 1848 555 2131 639; x_wconf 88' lang='lat' dir='ltr'>puerilis</span> <span class='ocrx_word' id='word_1_10' title='bbox 2184 552 2400 618; x_wconf 82' lang='lat' dir='ltr'>aetatis</span> <span class='ocrx_word' id='word_1_11' title='bbox 2447 553 2726 634; x_wconf 84' lang='lat' dir='ltr'>insignia</span> 
     </span>
     <span class='ocr_line' id='line_1_3' title="bbox 540 653 2728 741; baseline -0.002 -21"><span class='ocrx_word' id='word_1_12' title='bbox 540 657 789 720; x_wconf 86' lang='lat' dir='ltr'>munita</span> <span class='ocrx_word' id='word_1_13' title='bbox 819 661 996 720; x_wconf 87' lang='lat' dir='ltr'>sunt.</span> <span class='ocrx_word' id='word_1_14' title='bbox 1083 656 1216 721; x_wconf 84' lang='lat' dir='ltr'>Tui</span> <span class='ocrx_word' id='word_1_15' title='bbox 1263 660 1548 722; x_wconf 89' lang='lat' dir='ltr'>numinis</span> <span class='ocrx_word' id='word_1_16' title='bbox 1591 666 1899 741; x_wconf 86' lang='lat' dir='ltr'>respectu</span> <span class='ocrx_word' id='word_1_17' title='bbox 1931 659 2227 722; x_wconf 89' lang='lat' dir='ltr'>sincerus</span> <span class='ocrx_word' id='word_1_18' title='bbox 2277 655 2575 738; x_wconf 72' lang='lat' dir='ltr'>juventae</span> <span class='ocrx_word' id='word_1_19' title='bbox 2603 653 2728 716; x_wconf 88' lang='lat' dir='ltr'>flos</span> 
     </span>
     <span class='ocr_line' id='line_1_4' title="bbox 538 753 2727 841; baseline -0.003 -19"><span class='ocrx_word' id='word_1_20' title='bbox 538 765 896 841; x_wconf 85' lang='lat' dir='ltr'>permanet.</span> <span class='ocrx_word' id='word_1_21' title='bbox 982 757 1083 821; x_wconf 89' lang='lat' dir='ltr'>Te</span> <span class='ocrx_word' id='word_1_22' title='bbox 1121 760 1394 823; x_wconf 89' lang='lat' dir='ltr'>custode</span> <span class='ocrx_word' id='word_1_23' title='bbox 1437 760 1823 822; x_wconf 80' lang='lat' dir='ltr'>matronalis</span> <span class='ocrx_word' id='word_1_24' title='bbox 1869 758 2048 822; x_wconf 86' lang='lat' dir='ltr'>stola</span> <span class='ocrx_word' id='word_1_25' title='bbox 2098 763 2453 820; x_wconf 81' lang='lat' dir='ltr'>censetur.·</span> <span class='ocrx_word' id='word_1_26' title='bbox 2538 753 2727 818; x_wconf 89' lang='lat' dir='ltr'>Ades</span> 
     </span>
     <span class='ocr_line' id='line_1_5' title="bbox 538 859 2067 944; baseline 0.001 -22"><span class='ocrx_word' id='word_1_27' title='bbox 538 859 760 940; x_wconf 86' lang='lat' dir='ltr'>igitur,</span> <span class='ocrx_word' id='word_1_28' title='bbox 789 867 860 923; x_wconf 87' lang='lat' dir='ltr'>et</span> <span class='ocrx_word' id='word_1_29' title='bbox 887 878 1216 940; x_wconf 82' lang='lat' dir='ltr'>cognosce</span> <span class='ocrx_word' id='word_1_30' title='bbox 1246 881 1396 944; x_wconf 84' lang='lat' dir='ltr'>quae</span> <span class='ocrx_word' id='word_1_31' title='bbox 1426 859 1567 924; x_wconf 89' lang='lat' dir='ltr'>fieri</span> <span class='ocrx_word' id='word_1_32' title='bbox 1598 860 1748 944; x_wconf 86' lang='lat' dir='ltr'>ipsa</span> <span class='ocrx_word' id='word_1_33' title='bbox 1779 861 2067 925; x_wconf 87' lang='lat' dir='ltr'>voluisti.</span> 
     </span>
    </p>

    <p class='ocr_par' dir='ltr' id='par_1_3' title="bbox 475 955 2730 1748">
     <span class='ocr_line' id='line_1_6' title="bbox 630 955 2729 1045; baseline -0.002 -23"><span class='ocrx_word' id='word_1_34' title='bbox 630 961 688 1022; x_wconf 92' lang='lat' dir='ltr'>l.</span> <span class='ocrx_word' id='word_1_35' title='bbox 737 962 902 1025; x_wconf 83' lang='lat' dir='ltr'>Dux</span> <span class='ocrx_word' id='word_1_36' title='bbox 954 961 1280 1026; x_wconf 76' lang='lat' dir='ltr'>Romanae</span> <span class='ocrx_word' id='word_1_37' title='bbox 1311 962 1654 1045; x_wconf 73' lang='lat' dir='ltr'>pudicitiae</span> <span class='ocrx_word' id='word_1_38' title='bbox 1694 961 2055 1036; x_wconf 68' lang='lat' dir='ltr'>Imcretia:</span> <span class='ocrx_word' id='word_1_39' title='bbox 2104 958 2307 1042; x_wconf 80' lang='lat' dir='ltr'>cujus</span> <span class='ocrx_word' id='word_1_40' title='bbox 2346 957 2557 1020; x_wconf 87' lang='lat' dir='ltr'>virilis</span> <span class='ocrx_word' id='word_1_41' title='bbox 2590 955 2729 1019; x_wconf 81' lang='lat' dir='ltr'>ani-</span> 
     </span>
     <span class='ocr_line' id='line_1_7' title="bbox 540 1055 2724 1144; baseline -0.002 -20"><span class='ocrx_word' id='word_1_42' title='bbox 540 1081 711 1138; x_wconf 86' lang='lat' dir='ltr'>mus,</span> <span class='ocrx_word' id='word_1_43' title='bbox 729 1063 1034 1143; x_wconf 79' lang='lat' dir='ltr'>maligno</span> <span class='ocrx_word' id='word_1_44' title='bbox 1064 1081 1284 1126; x_wconf 86' lang='lat' dir='ltr'>errore</span> <span class='ocrx_word' id='word_1_45' title='bbox 1328 1064 1630 1140; x_wconf 73' lang='lat' dir='ltr'>fortunae,</span> <span class='ocrx_word' id='word_1_46' title='bbox 1677 1064 1995 1127; x_wconf 84' lang='lat' dir='ltr'>muliebre</span> <span class='ocrx_word' id='word_1_47' title='bbox 2026 1055 2571 1144; x_wconf 48' lang='lat' dir='ltr'>cor&#39;pusssortitus</span> <span class='ocrx_word' id='word_1_48' title='bbox 2600 1063 2724 1134; x_wconf 89' lang='lat' dir='ltr'>est,</span> 
     </span>
     <span class='ocr_line' id='line_1_8' title="bbox 541 1162 2725 1247; baseline -0.003 -21"><span class='ocrx_word' id='word_1_49' title='bbox 541 1181 582 1226; x_wconf 81' lang='lat' dir='ltr'><strong>a</strong></span> <span class='ocrx_word' id='word_1_50' title='bbox 612 1162 766 1226; x_wconf 86' lang='lat' dir='ltr'><strong>Sex.</strong></span> <span class='ocrx_word' id='word_1_51' title='bbox 796 1163 1214 1246; x_wconf 82' lang='lat' dir='ltr'>Tarquinio,³</span> <span class='ocrx_word' id='word_1_52' title='bbox 1239 1162 1265 1200; x_wconf 77' lang='lat'>¹³</span> <span class='ocrx_word' id='word_1_53' title='bbox 1325 1165 1502 1245; x_wconf 83' lang='lat' dir='ltr'>regis</span> <span class='ocrx_word' id='word_1_54' title='bbox 1553 1165 1839 1247; x_wconf 85' lang='lat' dir='ltr'>Superbi</span> <span class='ocrx_word' id='word_1_55' title='bbox 1882 1162 2047 1239; x_wconf 81' lang='lat' dir='ltr'>filio,</span> <span class='ocrx_word' id='word_1_56' title='bbox 2076 1183 2195 1244; x_wconf 89' lang='lat' dir='ltr'>per</span> <span class='ocrx_word' id='word_1_57' title='bbox 2232 1163 2367 1226; x_wconf 87' lang='lat' dir='ltr'>vim</span> <span class='ocrx_word' id='word_1_58' title='bbox 2422 1168 2725 1242; x_wconf 83' lang='lat' dir='ltr'><strong>stuprum</strong></span> 
     </span>
     <span class='ocr_line' id='line_1_9' title="bbox 538 1259 2730 1348; baseline -0.002 -22"><span class='ocrx_word' id='word_1_59' title='bbox 538 1259 680 1345; x_wconf 78' lang='lat' dir='ltr'>pati</span> <span class='ocrx_word' id='word_1_60' title='bbox 711 1270 974 1341; x_wconf 77' lang='lat' dir='ltr'>coacta,</span> <span class='ocrx_word' id='word_1_61' title='bbox 1005 1283 1156 1328; x_wconf 87' lang='lat' dir='ltr'>cum</span> <span class='ocrx_word' id='word_1_62' title='bbox 1189 1265 1604 1347; x_wconf 78' lang='lat' dir='ltr'>gravissimis</span> <span class='ocrx_word' id='word_1_63' title='bbox 1628 1266 1855 1332; x_wconf 83' lang='lat' dir='ltr'>verbis</span> <span class='ocrx_word' id='word_1_64' title='bbox 1900 1263 2202 1348; x_wconf 78' lang='lat' dir='ltr'>iujuriam</span> <span class='ocrx_word' id='word_1_65' title='bbox 2246 1283 2436 1326; x_wconf 83' lang='lat' dir='ltr'>suam</span> <span class='ocrx_word' id='word_1_66' title='bbox 2462 1263 2537 1324; x_wconf 76' lang='lat' dir='ltr'>in</span> <span class='ocrx_word' id='word_1_67' title='bbox 2566 1279 2730 1324; x_wconf 89' lang='lat' dir='ltr'>con-</span> 
     </span>
     <span class='ocr_line' id='line_1_10' title="bbox 475 1357 2729 1449; baseline -0.001 -23"><span class='ocrx_word' id='word_1_68' title='bbox 475 1357 492 1374; x_wconf 56' lang='lat'><em>*</em></span> <span class='ocrx_word' id='word_1_69' title='bbox 541 1365 740 1427; x_wconf 86' lang='lat' dir='ltr'>silio4</span> <span class='ocrx_word' id='word_1_70' title='bbox 784 1367 1351 1430; x_wconf 78' lang='lat' dir='ltr'>necessariorum⁰</span> <span class='ocrx_word' id='word_1_71' title='bbox 1432 1366 1873 1449; x_wconf 81' lang='lat' dir='ltr'>deplorasset,</span> <span class='ocrx_word' id='word_1_72' title='bbox 1921 1367 2091 1430; x_wconf 87' lang='lat' dir='ltr'>ferro</span> <span class='ocrx_word' id='word_1_73' title='bbox 2157 1386 2255 1443; x_wconf 88' lang='lat' dir='ltr'>se,</span> <span class='ocrx_word' id='word_1_74' title='bbox 2318 1363 2500 1447; x_wconf 91' lang='lat' dir='ltr'>quod</span> <span class='ocrx_word' id='word_1_75' title='bbox 2543 1368 2729 1426; x_wconf 83' lang='lat' dir='ltr'>veste</span> 
     </span>
     <span class='ocr_line' id='line_1_11' title="bbox 539 1463 2730 1549; baseline -0.001 -22"><span class='ocrx_word' id='word_1_76' title='bbox 539 1470 786 1528; x_wconf 92' lang='lat' dir='ltr'>tectum</span> <span class='ocrx_word' id='word_1_77' title='bbox 817 1468 1144 1546; x_wconf 82' lang='lat' dir='ltr'>attulerat,</span> <span class='ocrx_word' id='word_1_78' title='bbox 1206 1468 1549 1531; x_wconf 87' lang='lat' dir='ltr'>interemit.</span> <span class='ocrx_word' id='word_1_79' title='bbox 1641 1467 2062 1549; x_wconf 81' lang='lat' dir='ltr'>Causamque</span> <span class='ocrx_word' id='word_1_80' title='bbox 2112 1473 2248 1530; x_wconf 83' lang='lat' dir='ltr'>tam</span> <span class='ocrx_word' id='word_1_81' title='bbox 2295 1467 2599 1529; x_wconf 77' lang='lat' dir='ltr'>animoso</span> <span class='ocrx_word' id='word_1_82' title='bbox 2627 1463 2730 1524; x_wconf 92' lang='lat' dir='ltr'>in-</span> 
     </span>
     <span class='ocr_line' id='line_1_12' title="bbox 540 1565 2721 1653; baseline -0 -25"><span class='ocrx_word' id='word_1_83' title='bbox 540 1565 738 1629; x_wconf 87' lang='lat' dir='ltr'>teritu</span> <span class='ocrx_word' id='word_1_84' title='bbox 769 1567 1123 1650; x_wconf 88' lang='lat' dir='ltr'>imperium</span> <span class='ocrx_word' id='word_1_85' title='bbox 1177 1571 1524 1634; x_wconf 78' lang='lat' dir='ltr'>consuiare</span> <span class='ocrx_word' id='word_1_86' title='bbox 1555 1589 1679 1653; x_wconf 86' lang='lat' dir='ltr'>pro</span> <span class='ocrx_word' id='word_1_87' title='bbox 1726 1570 1906 1651; x_wconf 85' lang='lat' dir='ltr'>regio</span> <span class='ocrx_word' id='word_1_88' title='bbox 1937 1566 2407 1652; x_wconf 85' lang='lat' dir='ltr'>permutandi,‘¹</span> <span class='ocrx_word' id='word_1_89' title='bbox 2464 1565 2721 1648; x_wconf 88' lang='lat' dir='ltr'>populo</span> 
     </span>
     <span class='ocr_line' id='line_1_13' title="bbox 543 1663 1120 1748; baseline 0.007 -19"><span class='ocrx_word' id='word_1_90' title='bbox 543 1664 739 1730; x_wconf 83' lang='lat' dir='ltr'>Rom.</span> <span class='ocrx_word' id='word_1_91' title='bbox 773 1663 1120 1748; x_wconf 55' lang='lat' dir='ltr'>praebuit?</span> 
     </span>
    </p>

    <p class='ocr_par' dir='ltr' id='par_1_4' title="bbox 540 1767 2730 2159">
     <span class='ocr_line' id='line_1_14' title="bbox 627 1767 2729 1856; baseline -0.001 -25"><span class='ocrx_word' id='word_1_92' title='bbox 627 1767 691 1831; x_wconf 83' lang='lat'>2.</span> <span class='ocrx_word' id='word_1_93' title='bbox 738 1768 965 1852; x_wconf 87' lang='lat' dir='ltr'>Atque</span> <span class='ocrx_word' id='word_1_94' title='bbox 1021 1770 1167 1835; x_wconf 88' lang='lat' dir='ltr'>haec</span> <span class='ocrx_word' id='word_1_95' title='bbox 1221 1772 1473 1836; x_wconf 79' lang='lat' dir='ltr'>illatam</span> <span class='ocrx_word' id='word_1_96' title='bbox 1527 1771 1839 1856; x_wconf 78' lang='lat' dir='ltr'>injuriam</span> <span class='ocrx_word' id='word_1_97' title='bbox 1886 1791 2037 1835; x_wconf 79' lang='lat' dir='ltr'>non</span> <span class='ocrx_word' id='word_1_98' title='bbox 2067 1771 2307 1834; x_wconf 83' lang='lat' dir='ltr'>tulit:⁵</span> <span class='ocrx_word' id='word_1_99' title='bbox 2380 1767 2729 1849; x_wconf 86' lang='lat' dir='ltr'>Virginius</span> 
     </span>
     <span class='ocr_line' id='line_1_15' title="bbox 540 1869 2730 1956; baseline 0 -26"><span class='ocrx_word' id='word_1_100' title='bbox 540 1869 780 1950; x_wconf 91' lang='lat' dir='ltr'>plebeii</span> <span class='ocrx_word' id='word_1_101' title='bbox 803 1873 1079 1952; x_wconf 73' lang='lat' dir='ltr'>generiS,</span> <span class='ocrx_word' id='word_1_102' title='bbox 1115 1874 1231 1936; x_wconf 90' lang='lat' dir='ltr'>sed</span> <span class='ocrx_word' id='word_1_103' title='bbox 1264 1873 1525 1956; x_wconf 84' lang='lat' dir='ltr'>patricii</span> <span class='ocrx_word' id='word_1_104' title='bbox 1557 1874 1661 1937; x_wconf 83' lang='lat' dir='ltr'>vir</span> <span class='ocrx_word' id='word_1_105' title='bbox 1690 1875 1982 1955; x_wconf 83' lang='lat' dir='ltr'>spiritus,</span> <span class='ocrx_word' id='word_1_106' title='bbox 2012 1893 2097 1936; x_wconf 88' lang='lat' dir='ltr'>ne</span> <span class='ocrx_word' id='word_1_107' title='bbox 2129 1873 2376 1955; x_wconf 88' lang='lat' dir='ltr'>probro</span> <span class='ocrx_word' id='word_1_108' title='bbox 2405 1869 2730 1934; x_wconf 84' lang='lat' dir='ltr'>contami-</span> 
     </span>
     <span class='ocr_line' id='line_1_16' title="bbox 543 1971 2723 2058; baseline 0.002 -28"><span class='ocrx_word' id='word_1_109' title='bbox 543 1977 812 2034; x_wconf 83' lang='lat' dir='ltr'>naretur</span> <span class='ocrx_word' id='word_1_110' title='bbox 839 1972 1072 2035; x_wconf 86' lang='lat' dir='ltr'>domus</span> <span class='ocrx_word' id='word_1_111' title='bbox 1114 1993 1259 2051; x_wconf 87' lang='lat' dir='ltr'>sua,</span> <span class='ocrx_word' id='word_1_112' title='bbox 1310 1975 1592 2057; x_wconf 88' lang='lat' dir='ltr'>proprio</span> <span class='ocrx_word' id='word_1_113' title='bbox 1622 1975 1924 2055; x_wconf 84' lang='lat' dir='ltr'>sanguini</span> <span class='ocrx_word' id='word_1_114' title='bbox 1968 1993 2098 2038; x_wconf 90' lang='lat' dir='ltr'>non</span> <span class='ocrx_word' id='word_1_115' title='bbox 2127 1974 2452 2058; x_wconf 88' lang='lat' dir='ltr'>pepercit.</span> <span class='ocrx_word' id='word_1_116' title='bbox 2542 1971 2723 2036; x_wconf 84' lang='lat' dir='ltr'>Nam</span> 
     </span>
     <span class='ocr_line' id='line_1_17' title="bbox 544 2071 2727 2159; baseline 0 -24"><span class='ocrx_word' id='word_1_117' title='bbox 544 2091 693 2136; x_wconf 91' lang='lat' dir='ltr'>cum</span> <span class='ocrx_word' id='word_1_118' title='bbox 719 2071 854 2154; x_wconf 87' lang='lat' dir='ltr'>Ap.</span> <span class='ocrx_word' id='word_1_119' title='bbox 884 2071 1250 2139; x_wconf 76' lang='lat' dir='ltr'>Claudius⁶</span> <span class='ocrx_word' id='word_1_120' title='bbox 1294 2076 1649 2154; x_wconf 87' lang='lat' dir='ltr'>decemvir,</span> <span class='ocrx_word' id='word_1_121' title='bbox 1694 2075 1854 2140; x_wconf 84' lang='lat' dir='ltr'>filiae</span> <span class='ocrx_word' id='word_1_122' title='bbox 1883 2074 2033 2159; x_wconf 89' lang='lat' dir='ltr'>ejus</span> <span class='ocrx_word' id='word_1_123' title='bbox 2077 2076 2353 2157; x_wconf 83' lang='lat' dir='ltr'>virginis</span> <span class='ocrx_word' id='word_1_124' title='bbox 2398 2081 2727 2156; x_wconf 87' lang='lat' dir='ltr'>stuprum,</span> 
     </span>
    </p>
   </div>
   <div class='ocr_carea' id='block_1_3' title="bbox 607 2265 2535 2335">
    <p class='ocr_par' dir='ltr' id='par_1_5' title="bbox 607 2265 2535 2335">
     <span class='ocr_line' id='line_1_18' title="bbox 607 2265 2535 2335; baseline 0.002 -22"><span class='ocrx_word' id='word_1_125' title='bbox 607 2274 630 2300; x_wconf 79' lang='lat'><em>⁰</em></span> <span class='ocrx_word' id='word_1_126' title='bbox 668 2265 732 2314; x_wconf 84' lang='lat' dir='ltr'>Te</span> <span class='ocrx_word' id='word_1_127' title='bbox 751 2269 935 2317; x_wconf 73' lang='lat' dir='ltr'>custode</span> <span class='ocrx_word' id='word_1_128' title='bbox 953 2271 1090 2332; x_wconf 73' lang='lat' dir='ltr'>stola,</span> <span class='ocrx_word' id='word_1_129' title='bbox 1110 2284 1215 2334; x_wconf 77' lang='lat' dir='ltr'>quoe</span> <span class='ocrx_word' id='word_1_130' title='bbox 1231 2276 1552 2320; x_wconf 70' lang='lat' dir='ltr'>matr-mnarum</span> <span class='ocrx_word' id='word_1_131' title='bbox 1571 2272 1718 2321; x_wconf 67' lang='lat' dir='ltr'>vestie</span> <span class='ocrx_word' id='word_1_132' title='bbox 1738 2277 1829 2335; x_wconf 68' lang='lat' dir='ltr'>est,</span> <span class='ocrx_word' id='word_1_133' title='bbox 1848 2270 2092 2335; x_wconf 61' lang='lat' dir='ltr'>pudicitie»</span> <span class='ocrx_word' id='word_1_134' title='bbox 2112 2271 2298 2331; x_wconf 70' lang='lat' dir='ltr'>insigne</span> <span class='ocrx_word' id='word_1_135' title='bbox 2322 2268 2535 2318; x_wconf 72' lang='lat' dir='ltr'>habetur.</span> 
     </span>
    </p>
   </div>
   <div class='ocr_carea' id='block_1_4' title="bbox 1462 2412 1825 2433">
    <p class='ocr_par' dir='ltr' id='par_1_6' title="bbox 1462 2412 1825 2433">
     <span class='ocr_line' id='line_1_19' title="bbox 1462 2412 1825 2433; baseline -0.006 -1"><span class='ocrx_word' id='word_1_136' title='bbox 1462 2412 1825 2433; x_wconf 54' lang='lat' dir='ltr'>&amp;mu-O</span> 
     </span>
    </p>
   </div>
   <div class='ocr_carea' id='block_1_5' title="bbox 536 2509 2737 3153">
    <p class='ocr_par' dir='ltr' id='par_1_7' title="bbox 536 2509 2737 3153">
     <span class='ocr_line' id='line_1_20' title="bbox 545 2509 2729 2575; baseline -0.001 -14"><span class='ocrx_word' id='word_1_137' title='bbox 545 2510 579 2561; x_wconf 85' lang='lat' dir='ltr'>J</span> <span class='ocrx_word' id='word_1_138' title='bbox 587 2510 686 2559; x_wconf 82' lang='lat' dir='ltr'>ulia</span> <span class='ocrx_word' id='word_1_139' title='bbox 707 2510 968 2559; x_wconf 79' lang='lat' dir='ltr'>nominata</span> <span class='ocrx_word' id='word_1_140' title='bbox 990 2516 1186 2561; x_wconf 61' lang='lat' dir='ltr'>een—8</span> <span class='ocrx_word' id='word_1_141' title='bbox 1220 2512 1306 2561; x_wconf 90' lang='lat' dir='ltr'>Sic</span> <span class='ocrx_word' id='word_1_142' title='bbox 1331 2511 1550 2575; x_wconf 79' lang='lat' dir='ltr'>Pighius</span> <span class='ocrx_word' id='word_1_143' title='bbox 1574 2511 1739 2561; x_wconf 85' lang='lat' dir='ltr'>edidit</span> <span class='ocrx_word' id='word_1_144' title='bbox 1760 2527 1823 2561; x_wconf 87' lang='lat' dir='ltr'>ex</span> <span class='ocrx_word' id='word_1_145' title='bbox 1849 2510 2033 2561; x_wconf 76' lang='lat' dir='ltr'>Ati-eb.</span> <span class='ocrx_word' id='word_1_146' title='bbox 2058 2511 2261 2561; x_wconf 84' lang='lat' dir='ltr'>Winck.</span> <span class='ocrx_word' id='word_1_147' title='bbox 2294 2518 2348 2559; x_wconf 85' lang='lat' dir='ltr'>et</span> <span class='ocrx_word' id='word_1_148' title='bbox 2366 2510 2499 2571; x_wconf 74' lang='lat' dir='ltr'>aliis,</span> <span class='ocrx_word' id='word_1_149' title='bbox 2521 2509 2729 2575; x_wconf 78' lang='lat' dir='ltr'>quibus-</span> 
     </span>
     <span class='ocr_line' id='line_1_21' title="bbox 543 2574 2732 2637; baseline 0 -14"><span class='ocrx_word' id='word_1_150' title='bbox 543 2589 660 2623; x_wconf 85' lang='lat' dir='ltr'>cum</span> <span class='ocrx_word' id='word_1_151' title='bbox 683 2574 883 2623; x_wconf 80' lang='lat' dir='ltr'>faciunt</span> <span class='ocrx_word' id='word_1_152' title='bbox 905 2574 1057 2624; x_wconf 88' lang='lat' dir='ltr'>codd.</span> <span class='ocrx_word' id='word_1_153' title='bbox 1082 2576 1263 2625; x_wconf 86' lang='lat' dir='ltr'>decem</span> <span class='ocrx_word' id='word_1_154' title='bbox 1285 2578 1497 2628; x_wconf 78' lang='lat' dir='ltr'>Tor-ren.</span> <span class='ocrx_word' id='word_1_155' title='bbox 1519 2578 1612 2627; x_wconf 80' lang='lat' dir='ltr'>sed</span> <span class='ocrx_word' id='word_1_156' title='bbox 1650 2577 1738 2625; x_wconf 86' lang='lat' dir='ltr'>alii</span> <span class='ocrx_word' id='word_1_157' title='bbox 1772 2576 1926 2626; x_wconf 85' lang='lat' dir='ltr'>codd.</span> <span class='ocrx_word' id='word_1_158' title='bbox 1961 2578 2172 2625; x_wconf 88' lang='lat' dir='ltr'>Torren.</span> <span class='ocrx_word' id='word_1_159' title='bbox 2204 2594 2235 2623; x_wconf 85' lang='lat' dir='ltr'><em>a</em></span> <span class='ocrx_word' id='word_1_160' title='bbox 2271 2574 2537 2637; x_wconf 79' lang='lat' dir='ltr'>Tarquinii,</span> <span class='ocrx_word' id='word_1_161' title='bbox 2580 2575 2661 2623; x_wconf 83' lang='lat' dir='ltr'>vel</span> <span class='ocrx_word' id='word_1_162' title='bbox 2698 2591 2732 2623; x_wconf 79' lang='lat' dir='ltr'><em>a</em></span> 
     </span>
     <span class='ocr_line' id='line_1_22' title="bbox 543 2638 2730 2705; baseline 0 -19"><span class='ocrx_word' id='word_1_163' title='bbox 543 2638 658 2686; x_wconf 75' lang='lat' dir='ltr'>Sex.</span> <span class='ocrx_word' id='word_1_164' title='bbox 687 2638 1044 2701; x_wconf 54' lang='lat' dir='ltr'>Tarquinii—4</span> <span class='ocrx_word' id='word_1_165' title='bbox 1078 2643 1093 2667; x_wconf 90' lang='lat'>‘</span> <span class='ocrx_word' id='word_1_166' title='bbox 1118 2640 1204 2688; x_wconf 89' lang='lat' dir='ltr'>Sic</span> <span class='ocrx_word' id='word_1_167' title='bbox 1233 2642 1377 2689; x_wconf 89' lang='lat' dir='ltr'>Leid.</span> <span class='ocrx_word' id='word_1_168' title='bbox 1413 2642 1563 2703; x_wconf 78' lang='lat' dir='ltr'>prim.</span> <span class='ocrx_word' id='word_1_169' title='bbox 1599 2640 1761 2705; x_wconf 81' lang='lat' dir='ltr'>quint.</span> <span class='ocrx_word' id='word_1_170' title='bbox 1791 2648 1924 2689; x_wconf 79' lang='lat' dir='ltr'>sext.</span> <span class='ocrx_word' id='word_1_171' title='bbox 1966 2642 2131 2689; x_wconf 86' lang='lat' dir='ltr'>Periz.</span> <span class='ocrx_word' id='word_1_172' title='bbox 2170 2639 2358 2703; x_wconf 85' lang='lat' dir='ltr'>Ultraj.</span> <span class='ocrx_word' id='word_1_173' title='bbox 2397 2655 2501 2689; x_wconf 83' lang='lat' dir='ltr'>sec.</span> <span class='ocrx_word' id='word_1_174' title='bbox 2546 2638 2730 2702; x_wconf 81' lang='lat' dir='ltr'>reliqui</span> 
     </span>
     <span class='ocr_line' id='line_1_23' title="bbox 543 2700 2727 2767; baseline 0 -17"><span class='ocrx_word' id='word_1_175' title='bbox 543 2702 734 2751; x_wconf 76' lang='lat' dir='ltr'>concilio</span> <span class='ocrx_word' id='word_1_176' title='bbox 773 2716 888 2751; x_wconf 89' lang='lat' dir='ltr'>cum</span> <span class='ocrx_word' id='word_1_177' title='bbox 925 2702 1158 2751; x_wconf 76' lang='lat' dir='ltr'>omnibus</span> <span class='ocrx_word' id='word_1_178' title='bbox 1200 2705 1330 2753; x_wconf 87' lang='lat' dir='ltr'>Edd.</span> <span class='ocrx_word' id='word_1_179' title='bbox 1357 2713 1546 2767; x_wconf 81' lang='lat' dir='ltr'>praeter</span> <span class='ocrx_word' id='word_1_180' title='bbox 1571 2706 1717 2767; x_wconf 84' lang='lat' dir='ltr'>Mog.</span> <span class='ocrx_word' id='word_1_181' title='bbox 1739 2712 1799 2754; x_wconf 87' lang='lat' dir='ltr'>ut</span> <span class='ocrx_word' id='word_1_182' title='bbox 1822 2712 1941 2753; x_wconf 85' lang='lat' dir='ltr'>sunt</span> <span class='ocrx_word' id='word_1_183' title='bbox 1962 2706 2072 2754; x_wconf 86' lang='lat' dir='ltr'>haec</span> <span class='ocrx_word' id='word_1_184' title='bbox 2096 2706 2198 2752; x_wconf 89' lang='lat' dir='ltr'>duo</span> <span class='ocrx_word' id='word_1_185' title='bbox 2222 2711 2475 2767; x_wconf 83' lang='lat' dir='ltr'>perpetuo</span> <span class='ocrx_word' id='word_1_186' title='bbox 2500 2700 2727 2751; x_wconf 74' lang='lat' dir='ltr'>confusa.</span> 
     </span>
     <span class='ocr_line' id='line_1_24' title="bbox 543 2766 2731 2829; baseline -0 -14"><span class='ocrx_word' id='word_1_187' title='bbox 543 2766 672 2815; x_wconf 79' lang='lat' dir='ltr'>Mihi</span> <span class='ocrx_word' id='word_1_188' title='bbox 715 2780 835 2815; x_wconf 87' lang='lat' dir='ltr'>vero</span> <span class='ocrx_word' id='word_1_189' title='bbox 877 2766 960 2828; x_wconf 82' lang='lat' dir='ltr'>hic</span> <span class='ocrx_word' id='word_1_190' title='bbox 1001 2776 1286 2817; x_wconf 75' lang='lat' dir='ltr'>conventus</span> <span class='ocrx_word' id='word_1_191' title='bbox 1333 2769 1739 2818; x_wconf 77' lang='lat' dir='ltr'>necessariorum</span> <span class='ocrx_word' id='word_1_192' title='bbox 1780 2769 2037 2818; x_wconf 78' lang='lat' dir='ltr'>Lucretiae</span> <span class='ocrx_word' id='word_1_193' title='bbox 2074 2768 2317 2817; x_wconf 78' lang='lat' dir='ltr'>concilium</span> <span class='ocrx_word' id='word_1_194' title='bbox 2341 2769 2552 2828; x_wconf 84' lang='lat' dir='ltr'>rectius,</span> <span class='ocrx_word' id='word_1_195' title='bbox 2578 2778 2731 2829; x_wconf 75' lang='lat' dir='ltr'>quam</span> 
     </span>
     <span class='ocr_line' id='line_1_25' title="bbox 543 2830 2734 2896; baseline 0 -18"><span class='ocrx_word' id='word_1_196' title='bbox 543 2830 788 2878; x_wconf 69' lang='lat' dir='ltr'>consilium</span> <span class='ocrx_word' id='word_1_197' title='bbox 810 2830 912 2880; x_wconf 84' lang='lat' dir='ltr'>dici</span> <span class='ocrx_word' id='word_1_198' title='bbox 939 2830 1176 2882; x_wconf 67' lang='lat' dir='ltr'>videtur!</span> <span class='ocrx_word' id='word_1_199' title='bbox 1213 2833 1504 2882; x_wconf 67' lang='lat' dir='ltr'>Turrem—5</span> <span class='ocrx_word' id='word_1_200' title='bbox 1537 2836 1552 2861; x_wconf 79' lang='lat'>⁸</span> <span class='ocrx_word' id='word_1_201' title='bbox 1574 2833 1779 2895; x_wconf 85' lang='lat' dir='ltr'>Nempe</span> <span class='ocrx_word' id='word_1_202' title='bbox 1815 2832 2078 2893; x_wconf 78' lang='lat' dir='ltr'>Lucretia,</span> <span class='ocrx_word' id='word_1_203' title='bbox 2110 2847 2223 2896; x_wconf 83' lang='lat' dir='ltr'>quae</span> <span class='ocrx_word' id='word_1_204' title='bbox 2266 2831 2505 2895; x_wconf 85' lang='lat' dir='ltr'>injuriam</span> <span class='ocrx_word' id='word_1_205' title='bbox 2548 2832 2734 2879; x_wconf 80' lang='lat' dir='ltr'>illatam</span> 
     </span>
     <span class='ocr_line' id='line_1_26' title="bbox 544 2892 2737 2959; baseline 0 -17"><span class='ocrx_word' id='word_1_206' title='bbox 544 2895 652 2942; x_wconf 83' lang='lat' dir='ltr'>ulta</span> <span class='ocrx_word' id='word_1_207' title='bbox 674 2900 754 2943; x_wconf 78' lang='lat' dir='ltr'>est</span> <span class='ocrx_word' id='word_1_208' title='bbox 775 2892 933 2958; x_wconf 81' lang='lat' dir='ltr'>ferro,</span> <span class='ocrx_word' id='word_1_209' title='bbox 956 2896 1223 2959; x_wconf 79' lang='lat' dir='ltr'>Virginius</span> <span class='ocrx_word' id='word_1_210' title='bbox 1244 2897 1401 2945; x_wconf 80' lang='lat' dir='ltr'>etiam</span> <span class='ocrx_word' id='word_1_211' title='bbox 1423 2895 1732 2955; x_wconf 80' lang='lat' dir='ltr'>inferendam.</span> <span class='ocrx_word' id='word_1_212' title='bbox 1796 2896 1883 2945; x_wconf 82' lang='lat' dir='ltr'>Sic</span> <span class='ocrx_word' id='word_1_213' title='bbox 1907 2897 2041 2945; x_wconf 87' lang='lat' dir='ltr'>euim</span> <span class='ocrx_word' id='word_1_214' title='bbox 2064 2896 2341 2959; x_wconf 80' lang='lat' dir='ltr'>legendum</span> <span class='ocrx_word' id='word_1_215' title='bbox 2376 2897 2573 2957; x_wconf 83' lang='lat' dir='ltr'>optime</span> <span class='ocrx_word' id='word_1_216' title='bbox 2612 2908 2737 2945; x_wconf 87' lang='lat' dir='ltr'>con-</span> 
     </span>
     <span class='ocr_line' id='line_1_27' title="bbox 536 2958 2732 3025; baseline 0 -19"><span class='ocrx_word' id='word_1_217' title='bbox 536 2959 673 3021; x_wconf 82' lang='lat' dir='ltr'>jecit</span> <span class='ocrx_word' id='word_1_218' title='bbox 708 2958 928 3021; x_wconf 81' lang='lat' dir='ltr'>Lipsius,</span> <span class='ocrx_word' id='word_1_219' title='bbox 959 2974 1178 3025; x_wconf 88' lang='lat' dir='ltr'>quocum</span> <span class='ocrx_word' id='word_1_220' title='bbox 1219 2960 1419 3010; x_wconf 77' lang='lat' dir='ltr'>faciunt</span> <span class='ocrx_word' id='word_1_221' title='bbox 1455 2961 1618 3010; x_wconf 81' lang='lat' dir='ltr'>Barb.</span> <span class='ocrx_word' id='word_1_222' title='bbox 1657 2962 1807 3024; x_wconf 83' lang='lat' dir='ltr'>prim.</span> <span class='ocrx_word' id='word_1_223' title='bbox 1850 2968 2066 3025; x_wconf 86' lang='lat' dir='ltr'>uterque</span> <span class='ocrx_word' id='word_1_224' title='bbox 2100 2960 2244 3010; x_wconf 85' lang='lat' dir='ltr'>Med.</span> <span class='ocrx_word' id='word_1_225' title='bbox 2294 2960 2440 3009; x_wconf 89' lang='lat' dir='ltr'>Leid.</span> <span class='ocrx_word' id='word_1_226' title='bbox 2486 2962 2636 3023; x_wconf 85' lang='lat' dir='ltr'>prim.</span> <span class='ocrx_word' id='word_1_227' title='bbox 2676 2965 2732 3007; x_wconf 83' lang='lat' dir='ltr'>et</span> 
     </span>
     <span class='ocr_line' id='line_1_28' title="bbox 547 3022 2734 3088; baseline -0 -18"><span class='ocrx_word' id='word_1_228' title='bbox 547 3022 733 3085; x_wconf 79' lang='lat' dir='ltr'>Ultraj.</span> <span class='ocrx_word' id='word_1_229' title='bbox 757 3024 908 3084; x_wconf 88' lang='lat' dir='ltr'>prim.</span> <span class='ocrx_word' id='word_1_230' title='bbox 975 3024 1151 3074; x_wconf 85' lang='lat' dir='ltr'>Ceteri</span> <span class='ocrx_word' id='word_1_231' title='bbox 1174 3039 1287 3073; x_wconf 90' lang='lat' dir='ltr'>cum</span> <span class='ocrx_word' id='word_1_232' title='bbox 1312 3025 1463 3075; x_wconf 84' lang='lat' dir='ltr'>editt.</span> <span class='ocrx_word' id='word_1_233' title='bbox 1496 3032 1625 3075; x_wconf 82' lang='lat' dir='ltr'>vett.</span> <span class='ocrx_word' id='word_1_234' title='bbox 1658 3026 1815 3088; x_wconf 76' lang='lat' dir='ltr'>Atque</span> <span class='ocrx_word' id='word_1_235' title='bbox 1848 3026 1969 3075; x_wconf 74' lang='lat' dir='ltr'>hanc</span> <span class='ocrx_word' id='word_1_236' title='bbox 2011 3024 2193 3073; x_wconf 80' lang='lat' dir='ltr'>illatam</span> <span class='ocrx_word' id='word_1_237' title='bbox 2230 3024 2455 3084; x_wconf 72' lang='lat' dir='ltr'>injuriam</span> <span class='ocrx_word' id='word_1_238' title='bbox 2492 3040 2581 3072; x_wconf 80' lang='lat' dir='ltr'>non</span> <span class='ocrx_word' id='word_1_239' title='bbox 2619 3024 2734 3071; x_wconf 75' lang='lat' dir='ltr'>tulit</span> 
     </span>
     <span class='ocr_line' id='line_1_29' title="bbox 553 3086 2733 3153; baseline 0 -18"><span class='ocrx_word' id='word_1_240' title='bbox 553 3086 804 3148; x_wconf 71' lang='lat' dir='ltr'>Virginius</span> <span class='ocrx_word' id='word_1_241' title='bbox 824 3120 837 3137; x_wconf 90' lang='lat'>.</span> <span class='ocrx_word' id='word_1_242' title='bbox 857 3122 870 3137; x_wconf 93' lang='lat'>.</span> <span class='ocrx_word' id='word_1_243' title='bbox 891 3122 905 3136; x_wconf 95' lang='lat'>.</span> <span class='ocrx_word' id='word_1_244' title='bbox 927 3088 1144 3152; x_wconf 71' lang='lat' dir='ltr'>spiritus,</span> <span class='ocrx_word' id='word_1_245' title='bbox 1160 3090 1242 3151; x_wconf 69' lang='lat' dir='ltr'>qui</span> <span class='ocrx_word' id='word_1_246' title='bbox 1263 3103 1338 3152; x_wconf 83' lang='lat' dir='ltr'>ne,</span> <span class='ocrx_word' id='word_1_247' title='bbox 1360 3092 1442 3151; x_wconf 60' lang='grc' dir='ltr'>ξε.</span> <span class='ocrx_word' id='word_1_248' title='bbox 1476 3089 1628 3139; x_wconf 82' lang='lat' dir='ltr'>male.</span> <span class='ocrx_word' id='word_1_249' title='bbox 1694 3091 1814 3138; x_wconf 85' lang='lat' dir='ltr'>Vet.</span> <span class='ocrx_word' id='word_1_250' title='bbox 1831 3090 1911 3152; x_wconf 81' lang='lat' dir='ltr'>qui</span> <span class='ocrx_word' id='word_1_251' title='bbox 1930 3105 1990 3139; x_wconf 74' lang='lat' dir='ltr'>ne</span> <span class='ocrx_word' id='word_1_252' title='bbox 2008 3090 2175 3153; x_wconf 80' lang='lat' dir='ltr'>probro</span> <span class='ocrx_word' id='word_1_253' title='bbox 2196 3091 2409 3138; x_wconf 74' lang='lat' dir='ltr'>criminis</span> <span class='ocrx_word' id='word_1_254' title='bbox 2443 3087 2733 3151; x_wconf 70' lang='lat' dir='ltr'>turpitudine</span> 
     </span>
    </p>
   </div>
   <div class='ocr_carea' id='block_1_6' title="bbox 1528 3216 1753 3267">
    <p class='ocr_par' dir='ltr' id='par_1_8' title="bbox 1528 3216 1753 3267">
     <span class='ocr_line' id='line_1_30' title="bbox 1528 3216 1753 3267; baseline 0.004 -1"><span class='ocrx_word' id='word_1_255' title='bbox 1528 3216 1753 3267; x_wconf 81' lang='lat' dir='ltr'>No&#39;rAE</span> 
     </span>
    </p>
   </div>
   <div class='ocr_carea' id='block_1_7' title="bbox 545 3318 2742 4377">
    <p class='ocr_par' dir='ltr' id='par_1_9' title="bbox 545 3318 2738 3470">
     <span class='ocr_line' id='line_1_31' title="bbox 612 3318 2738 3393; baseline -0.001 -16"><span class='ocrx_word' id='word_1_256' title='bbox 612 3336 636 3362; x_wconf 79' lang='lat'>⁸</span> <span class='ocrx_word' id='word_1_257' title='bbox 674 3328 924 3391; x_wconf 78' lang='lat' dir='ltr'>Lucretia]</span> <span class='ocrx_word' id='word_1_258' title='bbox 987 3331 1219 3382; x_wconf 86' lang='lat' dir='ltr'>Lucretii</span> <span class='ocrx_word' id='word_1_259' title='bbox 1275 3331 1369 3380; x_wconf 85' lang='lat' dir='ltr'>viri</span> <span class='ocrx_word' id='word_1_260' title='bbox 1413 3331 1603 3381; x_wconf 83' lang='lat' dir='ltr'>nobilis</span> <span class='ocrx_word' id='word_1_261' title='bbox 1684 3333 1879 3384; x_wconf 86' lang='lat' dir='ltr'>cretius</span> <span class='ocrx_word' id='word_1_262' title='bbox 1916 3340 1971 3383; x_wconf 89' lang='lat' dir='ltr'>et</span> <span class='ocrx_word' id='word_1_263' title='bbox 2011 3331 2296 3382; x_wconf 79' lang='lat' dir='ltr'>Collatinus</span> <span class='ocrx_word' id='word_1_264' title='bbox 2336 3329 2538 3393; x_wconf 81' lang='lat' dir='ltr'>prolato</span> <span class='ocrx_word' id='word_1_265' title='bbox 2576 3328 2627 3375; x_wconf 88' lang='lat' dir='ltr'>in</span> <span class='ocrx_word' id='word_1_266' title='bbox 2663 3318 2738 3375; x_wconf 54' lang='lat' dir='ltr'>fo}</span> 
     </span>
     <span class='ocr_line' id='line_1_32' title="bbox 545 3402 2734 3470; baseline -0 -18"><span class='ocrx_word' id='word_1_267' title='bbox 545 3402 669 3467; x_wconf 82' lang='lat' dir='ltr'>filia,</span> <span class='ocrx_word' id='word_1_268' title='bbox 689 3412 744 3451; x_wconf 83' lang='lat' dir='ltr'>et</span> <span class='ocrx_word' id='word_1_269' title='bbox 766 3404 827 3454; x_wconf 83' lang='lat'>1..</span> <span class='ocrx_word' id='word_1_270' title='bbox 849 3406 1115 3468; x_wconf 79' lang='lat' dir='ltr'>Tarquinii</span> <span class='ocrx_word' id='word_1_271' title='bbox 1139 3406 1380 3456; x_wconf 82' lang='lat' dir='ltr'>Collatini</span> <span class='ocrx_word' id='word_1_272' title='bbox 1405 3422 1549 3457; x_wconf 86' lang='lat' dir='ltr'>uxor.</span> <span class='ocrx_word' id='word_1_273' title='bbox 1684 3424 1796 3460; x_wconf 84' lang='lat' dir='ltr'>rum</span> <span class='ocrx_word' id='word_1_274' title='bbox 1817 3409 2047 3458; x_wconf 80' lang='lat' dir='ltr'>mulieris</span> <span class='ocrx_word' id='word_1_275' title='bbox 2080 3419 2312 3470; x_wconf 86' lang='lat' dir='ltr'>corpore,</span> <span class='ocrx_word' id='word_1_276' title='bbox 2335 3413 2396 3453; x_wconf 91' lang='lat' dir='ltr'>ut</span> <span class='ocrx_word' id='word_1_277' title='bbox 2418 3410 2533 3453; x_wconf 77' lang='lat' dir='ltr'>erat</span> <span class='ocrx_word' id='word_1_278' title='bbox 2552 3415 2734 3451; x_wconf 85' lang='lat' dir='ltr'>cruore</span> 
     </span>
    </p>

    <p class='ocr_par' dir='ltr' id='par_1_10' title="bbox 546 3477 2742 3774">
     <span class='ocr_line' id='line_1_33' title="bbox 611 3477 2741 3548; baseline 0.001 -21"><span class='ocrx_word' id='word_1_279' title='bbox 611 3477 636 3511; x_wconf 78' lang='lat'>¹³</span> <span class='ocrx_word' id='word_1_280' title='bbox 667 3478 781 3529; x_wconf 76' lang='lat' dir='ltr'>Sex.</span> <span class='ocrx_word' id='word_1_281' title='bbox 831 3480 1112 3543; x_wconf 69' lang='lat' dir='ltr'>Tar-quinio]</span> <span class='ocrx_word' id='word_1_282' title='bbox 1162 3482 1218 3530; x_wconf 79' lang='lat' dir='ltr'>Is</span> <span class='ocrx_word' id='word_1_283' title='bbox 1260 3482 1534 3531; x_wconf 75' lang='lat' dir='ltr'>Collatiam</span> <span class='ocrx_word' id='word_1_284' title='bbox 1574 3498 1605 3532; x_wconf 74' lang='lat' dir='ltr'>a</span> <span class='ocrx_word' id='word_1_285' title='bbox 1680 3483 1955 3545; x_wconf 71' lang='lat' dir='ltr'>foedatum,</span> <span class='ocrx_word' id='word_1_286' title='bbox 1972 3484 2221 3548; x_wconf 85' lang='lat' dir='ltr'>populum</span> <span class='ocrx_word' id='word_1_287' title='bbox 2242 3481 2307 3530; x_wconf 82' lang='lat' dir='ltr'>ad</span> <span class='ocrx_word' id='word_1_288' title='bbox 2328 3481 2625 3529; x_wconf 73' lang='lat' dir='ltr'>libertatem</span> <span class='ocrx_word' id='word_1_289' title='bbox 2651 3494 2741 3529; x_wconf 75' lang='lat' dir='ltr'>vo·</span> 
     </span>
     <span class='ocr_line' id='line_1_34' title="bbox 549 3555 2739 3621; baseline 0 -19"><span class='ocrx_word' id='word_1_290' title='bbox 549 3561 696 3618; x_wconf 73' lang='lat' dir='ltr'>patre</span> <span class='ocrx_word' id='word_1_291' title='bbox 742 3555 921 3603; x_wconf 71' lang='lat' dir='ltr'>missus</span> <span class='ocrx_word' id='word_1_292' title='bbox 967 3556 1180 3606; x_wconf 85' lang='lat' dir='ltr'>divertit</span> <span class='ocrx_word' id='word_1_293' title='bbox 1222 3558 1286 3607; x_wconf 79' lang='lat' dir='ltr'>ad</span> <span class='ocrx_word' id='word_1_294' title='bbox 1325 3563 1604 3620; x_wconf 79' lang='lat' dir='ltr'>cognatum</span> <span class='ocrx_word' id='word_1_295' title='bbox 1685 3568 1836 3610; x_wconf 73' lang='lat' dir='ltr'>cunt:</span> <span class='ocrx_word' id='word_1_296' title='bbox 1872 3560 1989 3609; x_wconf 85' lang='lat' dir='ltr'>hinc</span> <span class='ocrx_word' id='word_1_297' title='bbox 2021 3560 2239 3619; x_wconf 82' lang='lat' dir='ltr'>Brutus,</span> <span class='ocrx_word' id='word_1_298' title='bbox 2268 3556 2526 3619; x_wconf 78' lang='lat' dir='ltr'>Valerius,</span> <span class='ocrx_word' id='word_1_299' title='bbox 2548 3555 2739 3621; x_wconf 78' lang='lat' dir='ltr'>aliique</span> 
     </span>
     <span class='ocr_line' id='line_1_35' title="bbox 546 3630 2742 3697; baseline 0 -18"><span class='ocrx_word' id='word_1_300' title='bbox 546 3646 692 3679; x_wconf 83' lang='lat' dir='ltr'>suum</span> <span class='ocrx_word' id='word_1_301' title='bbox 732 3630 1061 3695; x_wconf 86' lang='lat' dir='ltr'>Collatinum,</span> <span class='ocrx_word' id='word_1_302' title='bbox 1095 3634 1183 3697; x_wconf 90' lang='lat' dir='ltr'>qui</span> <span class='ocrx_word' id='word_1_303' title='bbox 1217 3641 1323 3683; x_wconf 87' lang='lat' dir='ltr'>tum</span> <span class='ocrx_word' id='word_1_304' title='bbox 1349 3635 1412 3683; x_wconf 83' lang='lat' dir='ltr'>ad</span> <span class='ocrx_word' id='word_1_305' title='bbox 1437 3633 1603 3683; x_wconf 75' lang='lat' dir='ltr'>Arde·</span> <span class='ocrx_word' id='word_1_306' title='bbox 1685 3636 1780 3685; x_wconf 83' lang='lat' dir='ltr'>viri</span> <span class='ocrx_word' id='word_1_307' title='bbox 1802 3636 1997 3685; x_wconf 81' lang='lat' dir='ltr'>nobiles</span> <span class='ocrx_word' id='word_1_308' title='bbox 2032 3635 2097 3683; x_wconf 87' lang='lat' dir='ltr'>de</span> <span class='ocrx_word' id='word_1_309' title='bbox 2120 3630 2409 3697; x_wconf 78' lang='lat' dir='ltr'>Tarquiniis</span> <span class='ocrx_word' id='word_1_310' title='bbox 2430 3646 2531 3680; x_wconf 90' lang='lat' dir='ltr'>non</span> <span class='ocrx_word' id='word_1_311' title='bbox 2559 3630 2742 3695; x_wconf 85' lang='lat' dir='ltr'>recipi·</span> 
     </span>
     <span class='ocr_line' id='line_1_36' title="bbox 547 3707 2169 3774; baseline 0.002 -21"><span class='ocrx_word' id='word_1_312' title='bbox 547 3720 629 3754; x_wconf 75' lang='lat' dir='ltr'>am</span> <span class='ocrx_word' id='word_1_313' title='bbox 647 3712 761 3755; x_wconf 84' lang='lat' dir='ltr'>erat</span> <span class='ocrx_word' id='word_1_314' title='bbox 785 3707 834 3755; x_wconf 91' lang='lat' dir='ltr'>in</span> <span class='ocrx_word' id='word_1_315' title='bbox 860 3708 1064 3757; x_wconf 79' lang='lat' dir='ltr'>castris.</span> <span class='ocrx_word' id='word_1_316' title='bbox 1684 3711 1833 3760; x_wconf 77' lang='lat' dir='ltr'>endis</span> <span class='ocrx_word' id='word_1_317' title='bbox 1852 3710 2169 3774; x_wconf 78' lang='lat' dir='ltr'>conspirant.</span> 
     </span>
    </p>

    <p class='ocr_par' dir='ltr' id='par_1_11' title="bbox 545 3781 2741 4303">
     <span class='ocr_line' id='line_1_37' title="bbox 609 3781 2737 3850; baseline 0.002 -21"><span class='ocrx_word' id='word_1_318' title='bbox 609 3788 632 3814; x_wconf 75' lang='lat'><strong>⁰</strong></span> <span class='ocrx_word' id='word_1_319' title='bbox 669 3782 730 3829; x_wconf 73' lang='lat' dir='ltr'>Iu</span> <span class='ocrx_word' id='word_1_320' title='bbox 760 3781 953 3832; x_wconf 70' lang='lat' dir='ltr'>consilio</span> <span class='ocrx_word' id='word_1_321' title='bbox 975 3784 1365 3850; x_wconf 72' lang='lat' dir='ltr'>necessariorum]</span> <span class='ocrx_word' id='word_1_322' title='bbox 1398 3786 1502 3834; x_wconf 89' lang='lat' dir='ltr'>Ubi</span> <span class='ocrx_word' id='word_1_323' title='bbox 1540 3786 1603 3834; x_wconf 88' lang='lat' dir='ltr'>il·-</span> <span class='ocrx_word' id='word_1_324' title='bbox 1748 3786 1779 3815; x_wconf 75' lang='lat'>&#39;⁸&#39;</span> <span class='ocrx_word' id='word_1_325' title='bbox 1799 3786 1900 3835; x_wconf 88' lang='lat' dir='ltr'>An.</span> <span class='ocrx_word' id='word_1_326' title='bbox 1934 3786 2009 3835; x_wconf 90' lang='lat' dir='ltr'>M.</span> <span class='ocrx_word' id='word_1_327' title='bbox 2028 3789 2175 3836; x_wconf 71' lang='lat'>³545.</span> <span class='ocrx_word' id='word_1_328' title='bbox 2208 3784 2293 3835; x_wconf 92' lang='lat' dir='ltr'>Ol.</span> <span class='ocrx_word' id='word_1_329' title='bbox 2314 3786 2398 3833; x_wconf 78' lang='lat'>67.</span> <span class='ocrx_word' id='word_1_330' title='bbox 2420 3787 2473 3833; x_wconf 75' lang='lat'>4.</span> <span class='ocrx_word' id='word_1_331' title='bbox 2508 3782 2640 3836; x_wconf 85' lang='lat' dir='ltr'>Urb.</span> <span class='ocrx_word' id='word_1_332' title='bbox 2676 3782 2737 3834; x_wconf 87' lang='lat' dir='ltr'>C.</span> 
     </span>
     <span class='ocr_line' id='line_1_38' title="bbox 550 3859 2189 3925; baseline 0.001 -18"><span class='ocrx_word' id='word_1_333' title='bbox 550 3859 703 3921; x_wconf 81' lang='lat' dir='ltr'>luxit,</span> <span class='ocrx_word' id='word_1_334' title='bbox 741 3872 1022 3909; x_wconf 81' lang='lat' dir='ltr'>conscenso</span> <span class='ocrx_word' id='word_1_335' title='bbox 1080 3870 1348 3925; x_wconf 80' lang='lat' dir='ltr'>carpento,</span> <span class='ocrx_word' id='word_1_336' title='bbox 1385 3862 1602 3912; x_wconf 78' lang='lat' dir='ltr'>Romam</span> <span class='ocrx_word' id='word_1_337' title='bbox 1681 3866 1795 3914; x_wconf 80' lang='grc'><strong>244.</strong></span> <span class='ocrx_word' id='word_1_338' title='bbox 1818 3861 1942 3912; x_wconf 82' lang='lat' dir='ltr'>Ant.</span> <span class='ocrx_word' id='word_1_339' title='bbox 1964 3860 2055 3911; x_wconf 82' lang='lat' dir='ltr'>Cb.</span> <span class='ocrx_word' id='word_1_340' title='bbox 2076 3864 2189 3909; x_wconf 80' lang='lat'>508.</span> 
     </span>
     <span class='ocr_line' id='line_1_39' title="bbox 545 3924 2741 4001; baseline 0.002 -20"><span class='ocrx_word' id='word_1_341' title='bbox 545 3942 810 3997; x_wconf 78' lang='lat' dir='ltr'>properat,</span> <span class='ocrx_word' id='word_1_342' title='bbox 851 3937 1114 4000; x_wconf 81' lang='lat' dir='ltr'>patrisque</span> <span class='ocrx_word' id='word_1_343' title='bbox 1138 3952 1308 4000; x_wconf 79' lang='lat' dir='ltr'>genua</span> <span class='ocrx_word' id='word_1_344' title='bbox 1329 3939 1603 4001; x_wconf 83' lang='lat' dir='ltr'>complexa</span> <span class='ocrx_word' id='word_1_345' title='bbox 1748 3945 1770 3971; x_wconf 64' lang='grc' dir='ltr'><strong>Θ</strong></span> <span class='ocrx_word' id='word_1_346' title='bbox 1800 3940 1895 4001; x_wconf 78' lang='grc' dir='ltr'>Δρ.</span> <span class='ocrx_word' id='word_1_347' title='bbox 1936 3934 2191 3999; x_wconf 75' lang='lat' dir='ltr'>Claudius]</span> <span class='ocrx_word' id='word_1_348' title='bbox 2221 3934 2443 3985; x_wconf 83' lang='lat' dir='ltr'>Sabinus</span> <span class='ocrx_word' id='word_1_349' title='bbox 2479 3924 2741 4001; x_wconf 56' lang='lat' dir='ltr'>Regilleuss,</span> 
     </span>
     <span class='ocr_line' id='line_1_40' title="bbox 549 4009 2737 4076; baseline 0.001 -20"><span class='ocrx_word' id='word_1_350' title='bbox 549 4009 614 4058; x_wconf 82' lang='lat' dir='ltr'>ab</span> <span class='ocrx_word' id='word_1_351' title='bbox 639 4026 702 4059; x_wconf 91' lang='lat' dir='ltr'>eo</span> <span class='ocrx_word' id='word_1_352' title='bbox 729 4012 978 4073; x_wconf 81' lang='lat' dir='ltr'>postulat,</span> <span class='ocrx_word' id='word_1_353' title='bbox 997 4021 1055 4062; x_wconf 91' lang='lat' dir='ltr'>ut</span> <span class='ocrx_word' id='word_1_354' title='bbox 1078 4020 1326 4076; x_wconf 78' lang='lat' dir='ltr'>cognatos</span> <span class='ocrx_word' id='word_1_355' title='bbox 1351 4028 1528 4064; x_wconf 76' lang='lat' dir='ltr'>omnes</span> <span class='ocrx_word' id='word_1_356' title='bbox 1550 4021 1605 4064; x_wconf 90' lang='lat' dir='ltr'>et</span> <span class='ocrx_word' id='word_1_357' title='bbox 1683 4014 1771 4076; x_wconf 80' lang='lat' dir='ltr'>sis,</span> <span class='ocrx_word' id='word_1_358' title='bbox 1804 4015 1881 4063; x_wconf 81' lang='lat' dir='ltr'>vir</span> <span class='ocrx_word' id='word_1_359' title='bbox 1912 4026 2104 4063; x_wconf 78' lang='lat' dir='ltr'>summa</span> <span class='ocrx_word' id='word_1_360' title='bbox 2135 4012 2273 4061; x_wconf 81' lang='lat' dir='ltr'>inter</span> <span class='ocrx_word' id='word_1_361' title='bbox 2294 4011 2531 4073; x_wconf 66' lang='lat' dir='ltr'>Collegae</span> <span class='ocrx_word' id='word_1_362' title='bbox 2564 4016 2737 4059; x_wconf 78' lang='lat' dir='ltr'>aucte-</span> 
     </span>
     <span class='ocr_line' id='line_1_41' title="bbox 550 4084 2735 4152; baseline -0.001 -17"><span class='ocrx_word' id='word_1_363' title='bbox 550 4084 740 4142; x_wconf 78' lang='lat' dir='ltr'>amicos</span> <span class='ocrx_word' id='word_1_364' title='bbox 775 4094 1105 4144; x_wconf 78' lang='lat' dir='ltr'>convocaret,</span> <span class='ocrx_word' id='word_1_365' title='bbox 1139 4089 1326 4152; x_wconf 77' lang='lat' dir='ltr'>quibus</span> <span class='ocrx_word' id='word_1_366' title='bbox 1360 4104 1469 4140; x_wconf 86' lang='lat' dir='ltr'>rem</span> <span class='ocrx_word' id='word_1_367' title='bbox 1500 4106 1606 4139; x_wconf 85' lang='lat' dir='ltr'>om·</span> <span class='ocrx_word' id='word_1_368' title='bbox 1688 4091 1845 4140; x_wconf 74' lang='lat' dir='ltr'>ritate</span> <span class='ocrx_word' id='word_1_369' title='bbox 1870 4107 1887 4139; x_wconf 74' lang='lat' dir='ltr'><strong><em>z</em></strong></span> <span class='ocrx_word' id='word_1_370' title='bbox 1934 4097 2043 4139; x_wconf 88' lang='lat' dir='ltr'>tum</span> <span class='ocrx_word' id='word_1_371' title='bbox 2066 4094 2215 4137; x_wconf 80' lang='lat' dir='ltr'>erant</span> <span class='ocrx_word' id='word_1_372' title='bbox 2247 4086 2563 4146; x_wconf 62' lang='lat' dir='ltr'>Decemviri,</span> <span class='ocrx_word' id='word_1_373' title='bbox 2584 4090 2642 4133; x_wconf 91' lang='lat' dir='ltr'>ut</span> <span class='ocrx_word' id='word_1_374' title='bbox 2662 4086 2735 4133; x_wconf 80' lang='lat' dir='ltr'>le·</span> 
     </span>
     <span class='ocr_line' id='line_1_42' title="bbox 547 4160 2740 4231; baseline -0 -20"><span class='ocrx_word' id='word_1_375' title='bbox 547 4174 664 4211; x_wconf 81' lang='lat' dir='ltr'>nem</span> <span class='ocrx_word' id='word_1_376' title='bbox 704 4160 887 4210; x_wconf 21' lang='lat' dir='ltr'>&#39;ordine</span> <span class='ocrx_word' id='word_1_377' title='bbox 923 4170 1131 4213; x_wconf 77' lang='lat' dir='ltr'>narrat:</span> <span class='ocrx_word' id='word_1_378' title='bbox 1168 4171 1276 4214; x_wconf 85' lang='lat' dir='ltr'>tum</span> <span class='ocrx_word' id='word_1_379' title='bbox 1319 4168 1464 4217; x_wconf 79' lang='lat' dir='ltr'>Deos</span> <span class='ocrx_word' id='word_1_380' title='bbox 1486 4182 1604 4231; x_wconf 83' lang='lat' dir='ltr'>pre-</span> <span class='ocrx_word' id='word_1_381' title='bbox 1688 4180 1778 4231; x_wconf 77' lang='lat' dir='ltr'>ges</span> <span class='ocrx_word' id='word_1_382' title='bbox 1800 4181 1831 4216; x_wconf 87' lang='lat' dir='ltr'>e</span> <span class='ocrx_word' id='word_1_383' title='bbox 1856 4165 2069 4215; x_wconf 75' lang='lat' dir='ltr'>Graecia</span> <span class='ocrx_word' id='word_1_384' title='bbox 2087 4177 2256 4227; x_wconf 87' lang='lat' dir='ltr'>nuper</span> <span class='ocrx_word' id='word_1_385' title='bbox 2275 4163 2457 4211; x_wconf 75' lang='lat' dir='ltr'>allatas</span> <span class='ocrx_word' id='word_1_386' title='bbox 2474 4161 2537 4210; x_wconf 78' lang='lat' dir='ltr'>ad</span> <span class='ocrx_word' id='word_1_387' title='bbox 2558 4160 2740 4210; x_wconf 76' lang='lat' dir='ltr'>Roma·</span> 
     </span>
     <span class='ocr_line' id='line_1_43' title="bbox 551 4237 2407 4303; baseline -0.001 -15"><span class='ocrx_word' id='word_1_388' title='bbox 551 4244 689 4299; x_wconf 76' lang='lat' dir='ltr'>cata,</span> <span class='ocrx_word' id='word_1_389' title='bbox 709 4237 933 4286; x_wconf 85' lang='lat' dir='ltr'>cultrum</span> <span class='ocrx_word' id='word_1_390' title='bbox 954 4240 1008 4287; x_wconf 85' lang='lat' dir='ltr'>in</span> <span class='ocrx_word' id='word_1_391' title='bbox 1041 4254 1132 4289; x_wconf 77' lang='lat' dir='ltr'>cor</span> <span class='ocrx_word' id='word_1_392' title='bbox 1153 4241 1346 4301; x_wconf 67' lang='lat' dir='ltr'>defigit.</span> <span class='ocrx_word' id='word_1_393' title='bbox 1684 4256 1865 4293; x_wconf 84' lang='lat' dir='ltr'>norum</span> <span class='ocrx_word' id='word_1_394' title='bbox 1888 4253 2034 4290; x_wconf 80' lang='lat' dir='ltr'>usum</span> <span class='ocrx_word' id='word_1_395' title='bbox 2054 4238 2407 4303; x_wconf 75' lang='lat' dir='ltr'>disponerent.</span> 
     </span>
    </p>

    <p class='ocr_par' dir='ltr' id='par_1_12' title="bbox 611 4312 1600 4377">
     <span class='ocr_line' id='line_1_44' title="bbox 611 4312 1600 4377; baseline 0.006 -16"><span class='ocrx_word' id='word_1_396' title='bbox 611 4312 634 4345; x_wconf 78' lang='lat'>‘¹</span> <span class='ocrx_word' id='word_1_397' title='bbox 668 4312 769 4362; x_wconf 84' lang='lat' dir='ltr'>Pro</span> <span class='ocrx_word' id='word_1_398' title='bbox 801 4313 933 4374; x_wconf 82' lang='lat' dir='ltr'>regio</span> <span class='ocrx_word' id='word_1_399' title='bbox 973 4316 1293 4377; x_wconf 76' lang='lat' dir='ltr'>permutandi]</span> <span class='ocrx_word' id='word_1_400' title='bbox 1328 4316 1458 4366; x_wconf 89' lang='lat' dir='ltr'>Inde</span> <span class='ocrx_word' id='word_1_401' title='bbox 1499 4318 1600 4366; x_wconf 85' lang='lat' dir='ltr'>Lu·</span> 
     </span>
    </p>
   </div>
   <div class='ocr_carea' id='block_1_8' title="bbox 3117 177 3133 764">
    <p class='ocr_par' dir='ltr' id='par_1_13' title="bbox 3117 177 3133 764">
     <span class='ocr_line' id='line_1_45' title="bbox 3117 177 3133 764; baseline 0 4161"><span class='ocrx_word' id='word_1_402' title='bbox 3117 177 3133 764; x_wconf 95' lang='lat' dir='ltr'> </span> 
     </span>
    </p>
   </div>
  </div>
 </body>
</html>
