3144 4925
2473 391 2604 456 ⁷2⁰

408 544 567 610 dum
616 552 687 608 et
728 543 1222 628 amplissimum
1270 545 1738 631 patrimonium
1783 552 2212 624 consecutae,
2263 566 2411 612 cum
2460 568 2601 631 prae

408 667 489 710 se
516 665 781 730 semper
806 647 1096 725 tulisset,
1128 665 1331 712 unum
1360 647 1551 712 illum
1577 647 1711 711 sibi
1729 665 1882 714 esse
1911 647 2280 728 haeredem3
2309 649 2603 716 moriens

407 751 613 814 etiam
644 746 929 812 annulos
970 748 1036 812 ei
1084 766 1243 812 suos
1286 748 1708 830 tradidisset3
1754 749 2210 834 Pomponium
2261 748 2565 817 Atticum
2580 751 2604 786 ¹³

408 853 813 916 testamento
844 848 1222 932 adoptavit,
1269 852 1702 935 omniumque
1729 853 2051 917 bonorum
2094 851 2368 936 reliquit
2394 852 2607 918 haere-

408 949 579 1014 dem.
666 949 809 1015 Sed
834 950 1101 1018 fallacis
1129 957 1199 1018 et
1225 953 1538 1019 insidiosi
1585 954 1876 1020 cadaver
1918 954 2210 1038 populus
2255 953 2606 1021 Romanus

396 1051 791 1117 cervicibus
862 1060 1045 1120 reste
1102 1054 1591 1120 circumdatum
1642 1074 1766 1138 per
1813 1056 1995 1122 viam
2049 1057 2274 1122 traxit.
2365 1056 2605 1140 Itaque

402 1152 700 1220 nefarius
728 1154 925 1221 homo
952 1153 1166 1222 filium
1195 1155 1466 1240 quidem
1496 1164 1569 1220 et
1595 1156 1930 1222 haeredem
1971 1158 2206 1224 habuit
2243 1177 2443 1244 quem
2489 1177 2604 1223 vo-
2660 1148 2678 1158 “

406 1254 574 1319 luit:
619 1254 822 1320 funus
852 1261 1075 1321 autem
1104 1263 1173 1322 et
1202 1257 1531 1341 exequias
1562 1256 1804 1341 quales
1829 1260 2114 1344 meruit.‡

494 1357 559 1422 6.
605 1356 853 1441 Neque
896 1359 1052 1424 aliis
1104 1359 1344 1443 dignus
1391 1359 1518 1425 fuit
1564 1358 1649 1425 T.
1682 1358 1947 1425 Marius
1969 1358 2054 1400 ¹²¹
2098 1359 2436 1426 Urbinas:
2483 1361 2605 1444 qui

408 1457 497 1524 ab
522 1457 750 1526 infimo
776 1460 1033 1526 militias
1064 1461 1243 1539 loco,
1271 1459 1624 1526 beneficiis
1658 1461 1822 1536 Divi
1841 1460 2135 1544 Augusti
2155 1462 2602 1545 imperatoris,

402 1559 499 1624 ad
530 1579 831 1626 summos
860 1569 1230 1628 castrenses
1257 1563 1539 1627 honores
1562 1563 1958 1646 perductus,
2003 1583 2372 1647 eorumque
2415 1564 2606 1627 uber-

408 1661 597 1730 rimis
640 1665 1019 1747 quaestibus
1064 1664 1365 1749 locuples
1413 1665 1662 1742 factuS,
1711 1683 1846 1730 non
1889 1665 2108 1730 solum
2151 1666 2393 1730 ceteris
2441 1667 2603 1731 vitae

369 1800 377 1802 -
407 1764 829 1847 temporibus
853 1773 899 1813 ¹³
946 1771 966 1802 ‘
984 1767 1045 1830 ei
1087 1784 1161 1831 se
1205 1767 1513 1833 fortunas
1556 1787 1718 1832 suas
1748 1767 2139 1851 relinquere,
2171 1787 2216 1831 a
2244 1787 2382 1851 quo
2413 1787 2606 1832 acce-

394 1865 648 1948 ‘perat,'
691 1868 1113 1950 praedicavit,
1141 1868 1261 1932 sed
1306 1869 1512 1934 etiam
1566 1868 1780 1951 pridie
1809 1888 2009 1952 quam
2037 1869 2397 1951 expiraret,
2426 1868 2606 1934 idem

408 1966 597 2032 istud
624 1968 762 2051 ipsi
789 1968 1103 2053 Augusto
1150 1971 1369 2038 dixit:
1416 1991 1567 2036 cum
1618 1971 1878 2036 interim
1929 1989 2014 2034 ne
2053 1989 2298 2036 nomen
2329 1971 2604 2054 quidem

408 2067 567 2151 ejus.
588 2071 837 2136 tabulis
868 2074 1253 2138 testamenti
1282 2073 1659 2158 adjecerit.-

496 2172 562 2235 ¹7.
594 2172 674 2236 L.
704 2182 930 2238 autem
947 2172 1289 2253 Valerius,
1319 2176 1433 2240 cui
1464 2194 1830 2256 cognomen
1864 2173 2350 2258 Heptachordo
2375 2180 2432 2224 ¹4
2456 2173 2602 2252 fuit,

408 2279 708 2358 togatum
762 2275 1033 2342 hostem
1094 2277 1479 2342 Cornelium
1537 2276 1882 2342 Balbumm
1951 2283 2302 2360 expertus,
2357 2283 2602 2362 utpote

1328 2420 1692 2444 oeeeeO‘eme

818 402 979 452 GAP.
1012 402 1179 451 vlu.
1228 400 1345 452 DE.
1375 401 1598 452 RA'rls
1646 403 2200 453 TESTAMENTIS.

406 2538 671 2583 runt—12
694 2536 709 2564 ‘
732 2536 942 2586 Colerus
965 2546 1021 2588 et
1044 2538 1349 2588 Perizonius
1373 2540 1551 2603 legunt
1570 2540 1625 2587 T.
1647 2537 1835 2601 Tarius,
1856 2537 1919 2586 de
1938 2552 2040 2603 quo
2059 2539 2243 2587 Senec.
2263 2539 2328 2587 de
2349 2538 2601 2589 clement.

412 2602 493 2647 1⁶.
527 2604 583 2647 et
615 2598 943 2652 Pli-n.xv1n.
966 2605 1016 2651 6.
1039 2602 1125 2652 ubi
1149 2602 1209 2653 L.
1235 2602 1405 2652 Tarius
1438 2603 1750 2665 appellatur.
1824 2600 1961 2650 Ante
1994 2602 2234 2665 Pighinm
2261 2616 2354 2687 pro
2398 2602 2606 2653 Urbinas

406 2662 681 2725 legebatur
702 2664 897 2715 Urina.
954 2666 1079 2715 Uria
1102 2674 1184 2716 est
1202 2668 1324 2717 urbs
1347 2666 1622 2728 Calabriae,
1642 2668 1791 2729 cujus
1815 2681 1939 2729 ager
1959 2668 1977 2693 ‘
1998 2667 2248 2715 Uritanus
2311 2666 2482 2715 dictus
2503 2674 2606 2719 est.

408 2726 687 2776 Torreuius
708 2742 809 2777 non
834 2730 968 2780 ausit
988 2745 1082 2795 pro
1106 2738 1254 2781 certo
1278 2730 1553 2791 affirmare,
1575 2733 1672 2780 boc
1693 2732 1809 2780 loco
1830 2730 2051 2793 intelligi
2078 2732 2136 2779 Ι..
2149 2730 2383 2790 Tarium,
2414 2730 2481 2779 de
2502 2745 2606 2795 quo

408 2790 613 2839 Plinius
637 2792 670 2841 l.
683 2806 735 2840 c.
760 2793 906 2855 agit?
924 2796 1215 2859 Kapp.—18
1238 2796 1423 2859 Oopes.
1442 2803 1497 2845 et
1514 2795 1672 2845 Barb.
1699 2795 1847 2858 prim.
1903 2796 2148 2843 Exti-emis
2166 2795 2282 2843 oitae
2301 2794 2606 2857 temporibus.

408 2854 558 2909 Leid.
580 2864 716 2906 sext.
756 2857 926 2907 Pridie
943 2866 1190 2923 antequam
1210 2862 1471 2923 expiraret.
1539 2859 1602 2909 In
1634 2858 1738 2908 fine
1768 2858 2040 2908 duodecim
2062 2859 2194 2907 Mes.
2216 2858 2421 2917 adiecit,-
2453 2866 2510 2907 et
2530 2858 2605 2908 sic

412 2918 556 2981 Lips.
590 2920 998 2972 Tbanneri.-—l4
1032 2924 1198 2975 Codd.
1232 2923 1554 2986 Ten-enimi,
1585 2923 1902 2987 flemewrda,
1931 2922 2253 2987 Hepceeordo,
2295 2923 2608 2983 neceam-ao,

390 2984 698 3048 Apidem,
714 2987 795 3036 vel
808 2988 1094 3050 Eptucordo.
1136 2990 1267 3039 Mox
1280 3003 1528 3054 pro-opera
1542 2987 1644 3049 dtu
1658 2989 1857 3052 aliquot
1870 3001 2024 3052 opere,
2044 2988 2126 3037 vel
2141 3000 2228 3051 ope
2245 2985 2363 3047 dus.
2411 2987 2606 3050 copes.

1399 3117 1615 3168 NOTAE

474 3222 497 3257 Β
521 3226 832 3290 Pomponiam
863 3230 1105 3295 Atticum]
1138 3234 1323 3284 Virum
1344 3235 1467 3284 doc·

410 3300 687 3365 tissimum,
720 3305 785 3353 ad
829 3320 982 3370 quem
1018 3310 1178 3358 etiam
1210 3324 1349 3360 nnnc
1380 3325 1469 3359 ex-

410 3382 529 3430 tant
581 3380 849 3431 Ciceronis
906 3383 1193 3447 Epistoloe3
1258 3387 1345 3452 qni
1401 3387 1469 3436 ob

1616 3230 1630 3265 ¹
1652 3234 1710 3283 T.
1737 3232 1948 3297 Marias]
1993 3233 2104 3297 Ego
2126 3232 2400 3282 sententia!
2432 3232 2606 3283 Celeri

1548 3308 1733 3359 lubens
1769 3308 2182 3373 subscripserim,
2213 3308 2301 3373 qui
2323 3308 2516 3360 Tarium
2534 3309 2608 3359 le-

1550 3385 1774 3449 gendum
1822 3385 2147 3449 suspicatum
2203 3384 2304 3435 fuit
2346 3385 2484 3434 enim
2527 3386 2606 3435 his

411 3452 617 3504 Graecae
651 3456 841 3519 linguae
870 3458 1113 3523 peritiam
1148 3460 1315 3512 Attici
1346 3477 1468 3528 cog·

413 3544 598 3579 nomen
631 3530 849 3582 Athenis
875 3534 1083 3587 retulit:
1121 3537 1189 3589 Q.
1213 3538 1471 3599 Caecilius,

410 3606 619 3657 nomine
662 3608 801 3658 illius
842 3624 873 3659 a
912 3624 1015 3675 quo
1052 3611 1335 3676 adoptatus
1370 3621 1471 3676 est,

408 3695 771 3747 nonnunquam
794 3687 1116 3749 appellatura
1160 3689 1297 3739 illius
1328 3704 1474 3740 soror

412 3758 482 3810 Q,
504 3758 744 3810 Ciceroni
766 3762 964 3826 nupsit,
976 3761 1085 3812 filia
1101 3764 1178 3816 M.
1192 3762 1470 3829 Agrippa:

412 3833 551 3883 unde
581 3842 705 3885 nata
726 3837 998 3902 Vipsania,
1028 3838 1222 3890 Tiberii
1250 3840 1471 3891 Caesaris

413 3922 563 3971 uxor,
583 3917 641 3959 et
663 3912 827 3961 Drusi
842 3922 1047 3975 maten
1092 3916 1203 3979 ipse
1235 3916 1330 3968 snb
1366 3916 1471 3968 Au-

415 3991 563 4047 gusto
598 3988 775 4037 morbo
808 3995 867 4039 et
896 3990 1044 4042 senio
1079 3991 1349 4045 confectus
1390 3995 1468 4045 in-

417 4063 579 4113 teriit.

480 4143 505 4194 ξ
527 4137 629 4188 An.
652 4140 731 4187 M.
749 4144 895 4193 3992.
933 4140 1023 4193 01.
1044 4148 1154 4197 179.
1174 4148 1223 4197 ⁸.
1257 4146 1385 4199 Urb.
1410 4146 1474 4197 C.

412 4214 530 4262 ⁶91.
565 4211 693 4265 Ant.
718 4214 813 4265 ch.
839 4220 921 4268 61.

1551 3460 1868 3524 temporibus
1889 3460 1948 3511 L.
1969 3461 2150 3510 Tarius
2167 3459 2353 3523 Rufus,
2373 3462 2460 3526 qui
2475 3462 2608 3511 Con-

1552 3538 1773 3587 sulatum
1819 3536 2034 3585 militari
2077 3536 2330 3586 industria
2367 3535 2610 3601 adeptus,

1552 3613 1828 3662 immensas
1851 3625 1998 3674 opes,
2021 3626 2138 3661 cum
2161 3626 2255 3662 sua
2281 3612 2612 3676 parsimonia,

1555 3695 1664 3739 tum
1718 3688 1941 3737 maxime
2004 3686 2232 3752 Augusti
2297 3687 2612 3737 liberalitate

1552 3764 1830 3828 congessit,
1851 3769 1990 3813 teste
2011 3764 2184 3813 Plinio
2205 3763 2297 3813 lib.
2321 3776 2448 3813 vm.
2471 3777 2516 3813 c.
2539 3767 2589 3813 6.

1615 3838 1646 3868 ¹*
1680 3839 1781 3888 An.
1804 3840 1884 3888 M.
1902 3842 2048 3888 40⁵3.
2114 3837 2201 3891 Ol.
2222 3843 2337 3890 194.
2358 3842 2410 3888 4.
2475 3839 2608 3889 Ussb.

1552 3912 1616 3962 C.
1635 3917 1752 3965 ⁷52.
1785 3912 1911 3963 Ant.
1933 3914 2028 3963 Ch.
2056 3919 2104 3962 1.

1615 3998 1654 4025 ¹¹
1677 3992 1948 4042 Cornelian-
1985 3990 2210 4053 Bulbum]
2253 3990 2372 4040 Duo
2403 3990 2612 4055 potissi-

1550 4084 1692 4121 mum
1727 4072 1824 4121 boc
1860 4071 2063 4121 nomine
2097 4072 2272 4121 Roma*
2305 4068 2614 4134 floruerunt,

1552 4146 1704 4196 ambo
1727 4146 1994 4205 Gaditani,
2015 4160 2230 4209 quorum
2253 4147 2386 4195 alter
2399 4148 2610 4196 alterius

1555 4230 1769 4289 patruus
1791 4220 1909 4287 fuit,
1933 4227 1988 4273 et
2021 4222 2243 4276 consult
2281 4228 2394 4275 uter
2426 4224 2614 4277 horum
