3144 4925
572 399 705 468 822
1174 413 1489 461 vAnssnu
1538 411 1832 459 maxim
1881 411 2024 458 mn.
2070 410 2180 459 rx.

660 557 726 622 2.
753 555 940 622 Huic
958 556 1269 620 nimirum
1294 553 1513 636 magis
1531 554 1830 638 AEsopus
1855 550 2228 634 tragoedus⁶
2247 553 2316 618 in
2340 553 2768 637 adoptionem

576 659 735 723 dare
764 657 978 720 filium
1012 677 1227 735 suum,
1276 675 1479 740 quam
1519 657 1848 721 bonorum
1897 674 2166 720 suorum
2207 654 2536 719 han-edem
2562 654 2770 718 relin-
2823 651 2840 662 “

575 777 783 842 quere
810 758 1065 834 debuit,
1095 776 1224 822 non
1254 756 1484 822 solum.
1508 758 1814 840 perditae,
1845 756 2202 828 sedetiam
2244 755 2525 819 furiosae
2569 755 2768 818 luxu-
2833 798 2841 809 -

574 861 695 924 riae
718 860 1055 943 juvenem.
1145 858 1361 937 Quem
1414 864 1679 923 constat
1721 863 1920 922 cantu
1971 857 2582 923 commendabiles⁸
2625 857 2770 920 avi-

577 962 767 1025 culas
820 960 1226 1027 immanibus
1286 965 1499 1024 emtas
1548 960 1806 1042 pretiis,
1858 978 1981 1041 pro
2037 959 2344 1024 ficedulis
2365 967 2393 1008 ⁷
2467 976 2767 1042 ponere3

576 1069 903 1144 acetoque
968 1060 1267 1143 liquatos
1288 1059 1316 1097 ¹¹
1386 1081 1646 1144 magnae
1691 1081 1970 1126 summae
2035 1062 2314 1126 uniones
2369 1058 2767 1144 potionibus

577 1181 927 1247 aspergere
977 1163 1292 1242 solitum3
1360 1163 1852 1247 amplissimum
1897 1161 2394 1244 patrimonium,
2445 1167 2769 1243 tanquam

577 1283 866 1328 amaram
896 1265 1187 1347 aliquam
1218 1265 1579 1342 sarcinam,
1621 1284 1822 1348 quam
1863 1264 2204 1328 celerrime
2255 1263 2546 1347 abjicere
2577 1260 2770 1343 cupi·

577 1373 815 1428 entem.
903 1363 1205 1443 Quorum
1258 1366 1535 1430 alterius
1564 1366 1773 1443 senis„
1823 1367 2099 1430 alterius
2145 1363 2594 1430 adolescentis
2623 1380 2771 1426 sec·

577 1472 715 1529 tam
748 1465 960 1531 secuti
976 1466 1001 1504 ⁸
1030 1465 1293 1548 longius
1320 1483 1555 1531 manus
1583 1467 2065 1550 porrexerunt.⁸
2106 1465 2548 1549 Neque‘enim
2565 1463 2769 1527 ullum

575 1564 802 1630 finitur
844 1568 1081 1632 vitium
1131 1568 1253 1642 ibi,
1308 1567 1427 1632 ubi
1475 1568 1702 1632 oritur.
1791 1566 1960 1632 Inde
2008 1569 2095 1633 ab
2142 1565 2398 1632 Oceani
2431 1565 2774 1630 littoribus

578 1667 845 1733 attracti
885 1670 1148 1752 pisces:
1207 1669 1362 1733 inde
1409 1669 1654 1733 infusae
1691 1669 1932 1733 culinis
1963 1665 2208 1734 arcae:i
2274 1667 2724 1748 censibusque
2741 1673 2777 1714 ⁹

578 1768 823 1833 edendi
850 1777 1053 1853 atque
1078 1771 1351 1835 bibendi
1378 1772 1691 1855 voluptas
1710 1777 1976 1854 reperta
2002 1776 2156 1834 ests

660 1871 729 1936 3.
776 1869 949 1936 Urbi
982 1879 1203 1937 autem
1231 1879 1479 1938 nostrae
1510 1874 1794 1939 secundi
1821 1873 1984 1938 belli
2033 1872 2280 1938 Punici
2305 1870 2485 1947 finis,
2516 1873 2585 1934 et
2612 1868 2774 1932 Phi-

576 1971 807 2054 lippus
834 1992 961 2036 rex
992 1973 1435 2052 *Macedoniae
1480 1976 1819 2054 devictus,
1866 1975 2228 2040 licentioris
2266 1973 2427 2038 vitae
2455 1971 2774 2035 fiduciam

643 2159 666 2190 ⁶
688 2162 773 2210 Ex
793 2163 1120 2213 remotioribus
1137 2165 1407 2226 regionibus
1428 2165 1555 2215 cibos
1568 2169 1632 2216 ad
1649 2167 1842 2216 delicias
1860 2181 1970 2217 ms
1988 2165 2428 2230 affert-ijussemnt.

1763 2309 1852 2330 m

580 2401 701 2449 Duo
722 2399 875 2450 codd.
896 2401 1113 2453 Torren.
1147 2404 1229 2468 qui
1260 2411 1571 2469 putaret—6
1607 2405 1789 2457 Atreb.
1824 2406 2033 2458 Gembl.
2053 2413 2108 2456 et
2129 2408 2252 2456 Vet.
2277 2407 2604 2469 tragicum—¹2
2641 2404 2776 2455 Edd.

576 2472 700 2515 ante
720 2466 938 2516 Tot-ren.
960 2467 1149 2518 incoem
1170 2470 1524 2535 proficedulis5
1556 2472 1649 2521 sed
1675 2473 1836 2523 verba
1858 2473 1912 2522 in
1931 2486 2062 2521 coena
2079 2471 2266 2521 desunt
2285 2472 2336 2520 in
2357 2472 2510 2521 codd.
2535 2469 2782 2520 undecim.

578 2544 695 2579 cum
735 2530 877 2593 Mog.
910 2528 1078 2581 Paulo
1111 2541 1229 2595 post
1265 2536 1469 2598 liquam
1503 2537 1555 2585 in
1579 2552 1670 2585 sex
1708 2537 1962 2587 codd.-8
1999 2536 2208 2599 Pighius
2229 2550 2298 2585 ex
2331 2536 2440 2585 solo
2462 2536 2580 2585 Sus.
2601 2539 2776 2583 sectam

576 2593 726 2641 secuti
759 2594 995 2657 plurimi,
1027 2596 1119 2645 sed
1148 2598 1344 2660 plurimi
1379 2615 1479 2648 non
1502 2608 1789 2657 agnoscunt
1811 2600 1902 2649 alii
1935 2599 2087 2649 codd.
2111 2614 2208 2647 nec
2229 2600 2337 2649 ulla
2357 2600 2442 2650 cd.
2463 2608 2586 2647 ante
2620 2598 2776 2659 Pigtr.

577 2657 649 2705 ibi
666 2655 781 2707 fere
803 2673 978 2708 omnes
999 2661 1261 2711 retinent:
1298 2665 1471 2713 malum
1502 2664 1570 2713 ibi
1586 2664 1769 2729 finitur
1795 2664 1938 2713 Leid.
1963 2668 2114 2714 6.-9
2146 2664 2231 2713 Ita
2252 2663 2404 2713 codd.
2423 2670 2479 2711 et
2501 2664 2619 2711 edd.
2645 2670 2776 2711 vett.

578 2721 795 2784 Pighius
837 2737 960 2773 vero
1016 2738 1083 2773 ex
1132 2726 1242 2776 solo
1277 2728 1482 2777 Winck.
1528 2729 1684 2791 legit:
1741 2729 1914 2777 culinis
1955 2734 2141 2778 ostrea.
2175 2729 2297 2777 Arte
2335 2727 2653 2789 censibusque,
2693 2728 2774 2786 ξε.

575 2785 871 2860 ‘Klolgkius
912 2789 1156 2850 legebat:
1188 2790 1358 2839 malinis
1398 2806 1546 2852 ειη-ω,
1588 2794 1699 2842 iude
1737 2792 1951 2843 censibus
1989 2792 2194 2848 edendi3
2227 2793 2331 2854 vel,
2365 2791 2538 2840 culinis
2569 2790 2784 2839 omnibu

576 2863 721 2911 arcoe,
743 2853 853 2899 tude
869 2853 1069 2901 edendi:
1102 2853 1153 2901 in
1176 2855 1296 2904 Bas.
1314 2861 1423 2904 est:
1459 2856 1632 2905 culinis
1645 2857 1788 2906 arche
1805 2856 2016 2905 censibus
2031 2856 2232 2913 edend53
2265 2856 2402 2903 inter
2425 2856 2555 2903 Exc.
2577 2854 2777 2903 Douac.

576 2912 689 2961 lnaec
727 2921 913 2964 notata
949 2917 1187 2967 invenioz
1224 2924 1239 2947 ⁸
1258 2920 1401 2981 Lips.
1434 2919 1615 2979 Ιηῆωω
1645 2920 1812 2969 culinis
1843 2926 1973 2969 artes
2002 2934 2125 2969 cem·
2165 2926 2220 2968 at
2242 2918 2422 2969 Chart·
2443 2918 2614 2969 culini!
2635 2932 2777 2966 ⁰¹²²ae-

576 2976 697 3051 Snen.
735 2979 903 3040 Epist.
941 2985 1021 3029 81.
1060 2981 1199 3031 Plin.
1227 2995 1393 3032 xxix.
1418 2987 1465 3031 1.
1490 2985 1611 3033 Sen.
1637 2986 1738 3047 Ep.
1759 2987 1876 3034 115.
1901 2984 2060 3032 Mart.
2082 2998 2138 3032 v.
2157 2987 2242 3033 71.
2307 2983 2552 3032 Ceterum
2587 2983 2776 3045 Pigno—

579 3054 684 3089 rrus
707 3056 771 3091 ex
796 3044 900 3091 suis
922 3044 1065 3093 libris
1090 3044 1340 3107 praefert:
1373 3047 1543 3097 culinis
1563 3054 1709 3097 artes.
1735 3062 1786 3109 p.
1821 3052 1902 3097 44.
1927 3047 2027 3097 Ed.
2053 3048 2174 3097 Pat.
2196 3046 2262 3095 de
2282 3046 2416 3097 Ser!
2482 3046 2776 3095 Gronovius

577 3110 788 3153 tuetur:
812 3108 979 3156 culinus
997 3123 1138 3169 ιιι-σεε,
1157 3110 1337 3159 iisdem
1356 3109 1466 3160 fere
1481 3112 1606 3161 locis
1627 3112 1852 3175 prolatis,
1871 3126 1985 3176 quae
2005 3114 2055 3160 in
2075 3113 2203 3161 Exc.
2217 3112 2415 3160 Douac.
2436 3110 2600 3161 Codd.
2619 3110 2778 3159 nostri

576 3164 690 3214 fere
711 3169 926 3231 liabent,
949 3186 1091 3233 arcae,
1114 3174 1271 3235 arche,
1292 3190 1417 3225 aree.
1473 3176 1623 3225 Unus
1647 3176 1838 3238 Ultraj.
1879 3176 2031 3237 prim.
2064 3180 2212 3223 artes.
2282 3176 2476 3224 Ostrea·
2508 3174 2682 3223 nescio
2712 3187 2776 3221 an

576 3243 792 3294 nsquam
830 3241 996 3284 extet.
1061 3236 1219 3288 Arche
1264 3239 1409 3301 Mog.
1440 3239 1607 3289 Recte
1649 3240 1905 3303 explicuit
1947 3239 2228 3301 oliverius,
2255 3245 2556 3291 consumta
2599 3245 2656 3287 et
2689 3252 2779 3286 ex.

1569 3383 1787 3433 NOTAE

582 3484 664 3518 am
698 3470 897 3520 Seneca
918 3470 1154 3522 indicat:
1189 3473 1389 3525 ‘Alunt
1426 3477 1477 3525 in
1500 3492 1638 3527 sum·
1719 3492 1786 3529 ex
1830 3492 1952 3528 aure
1994 3480 2245 3543 Metella»,
2273 3479 2488 3530 Scilicet
2523 3486 2580 3527 ut
2604 3478 2780 3529 decies

580 3548 675 3595 mis
716 3546 1027 3596 culminibus
1065 3548 1285 3598 mentita
1323 3565 1550 3616 nemora,
1583 3562 1641 3603 et
1718 3554 1937 3604 solidum
1970 3555 2206 3605 sorberet
2233 3560 2410 3616 aceto,
2434 3554 2779 3617 Diluitinsig-

578 3622 946 3685 navigabilium
964 3624 1278 3686 piscinarum
1306 3625 1477 3676 freta?
1721 3645 1835 3679 nem
1857 3630 2103 3681 uaccam?
2153 3630 2417 3679 Conviviis
2434 3628 2650 3691 singulis
2673 3629 2782 3677 uni·

647 3698 676 3727 *
700 3697 801 3747 An.
819 3700 897 3747 M.
918 3703 1064 3748 3958.
1100 3699 1187 3749 01.
1208 3704 1321 3751 171.
1340 3706 1389 3751 1.
1425 3704 1557 3753 Urb.
1576 3706 1638 3755 C.
1722 3720 1846 3755 ones
1869 3705 2151 3755 sorbendos
2168 3704 2378 3754 dedisse
2404 3703 2562 3755 tradit
2579 3704 2780 3753 Plinius

580 3780 697 3825 657.
732 3774 859 3825 Ant.
886 3775 979 3825 Ch.
998 3781 1081 3825 95.
1722 3781 1816 3831 lib.
1839 3794 1923 3830 11.
1955 3796 2002 3831 c.
2026 3786 2108 3830 83.

644 3860 669 3894 s
706 3852 863 3900 Canta
894 3851 1295 3914 commendabiles]
1342 3853 1403 3901 Id
1452 3856 1641 3919 AEsopo
1801 3856 2012 3918 *Infusoe
2027 3857 2198 3906 culinis
2217 3870 2343 3905 arcoe
2359 3855 2574 3920 [σαίνειν]
2608 3854 2782 3904 Aliter

582 3928 721 3989 patri
766 3928 949 3976 tribuit
993 3928 1193 3977 Plinius
1239 3928 1331 3979 lib.
1374 3942 1429 3979 X.
1467 3944 1514 3979 c.
1558 3936 1642 3983 51.
1722 3933 1959 3996 Lipsius:
2008 3935 2128 3987 Inde
2159 3933 2334 3992 infusa
2389 3932 2560 3982 malinis
2610 3936 2782 3990 artes,-

580 4016 801 4066 avesque
834 4004 1060 4066 singulas
1082 4018 1175 4053 sex
1214 4006 1431 4055 nummis
1469 4008 1642 4058 coe'm·
1719 4010 1816 4059 hoc
1831 4011 2066 4074 est‚inde
2090 4016 2314 4073 repertae
2337 4010 2604 4060 culinariae
2622 4017 2783 4059 artes.

582 4081 661 4124 tas
694 4082 939 4128 testatur.
1785 4096 1808 4141 l·
1835 4085 1938 4136 An.
1964 4088 2038 4137 M.
2072 4092 2219 4136 4015.
2241 4086 2328 4139 01.
2353 4091 2469 4137 185.
2491 4092 2544 4137 2.
2567 4087 2697 4137 Urb.
2719 4086 2783 4136 Ο.

646 4150 669 4183 ¹¹
702 4156 849 4201 Aceto
881 4156 1105 4219 liquatos]
1138 4156 1219 4205 De
1253 4158 1342 4208 illo
1385 4159 1640 4211 Horatius
1720 4166 1835 4212 714.
1857 4162 1982 4214 Ant.
2006 4164 2102 4215 Ch.
2125 4167 2208 4212 38.

579 4238 644 4274 11.
670 4226 776 4275 Sat.
800 4231 848 4275 3.
915 4230 930 4255 ‘
958 4229 1115 4277 Filius
1155 4230 1333 4295 AEsopi
1376 4234 1640 4297 direptam
