3144 4925
810 382 971 430 cAP.
1004 381 1052 428 1.
1104 382 1199 430 nn
1246 375 1604 430 Luxuam
1657 381 1746 428 m·
1799 381 2160 430 memma.
2434 368 2564 436 829

376 527 553 592 filias
611 524 1030 589 dominorum
1086 526 1158 588 in
1216 526 1707 590 matrimonium
1765 528 2117 592 ducebant.
2211 525 2561 592 Postremo

376 627 525 709 lege
572 631 955 703 sanxerunt,
986 633 1064 690 ut
1114 631 1346 708 stupra
1393 645 1518 690 sua
1563 627 1632 688 in
1663 627 1886 691 viduis
1932 629 2180 709 pariter
2223 646 2303 692 ac
2335 629 2562 710 nuptis

376 725 714 810 impunita
756 732 1023 805 essent;
1068 745 1149 792 ac
1202 745 1281 788 ne
1324 745 1458 809 qua
1486 727 1672 811 virgo
1719 729 2000 809 ingenuo
2044 729 2338 805 nuberet,
2369 729 2560 812 cujus

376 825 757 892 castitatem
798 845 933 890 non
978 835 1129 891 ante
1180 845 1268 890 ex
1313 846 1584 893 numero
1627 828 1924 911 ipsorum
1973 827 2218 910 aliquis
2268 826 2560 894 delibas-

378 934 531 992 seta

460 1028 525 1092 3.
568 1027 739 1110 Age,
770 1027 1047 1094 Xerxes
1074 1049 1279 1114 opum
1324 1033 1650 1114 regiarum
1695 1031 2137 1095 ostentatione
2177 1030 2450 1107 eximia,
2481 1049 2564 1095 eo

378 1148 595 1213 usque
624 1128 897 1194 luxuria
914 1133 1303 1212 gaudens,⁴0
1333 1141 1409 1198 ut
1436 1132 1660 1198 edicto
1684 1133 2032 1216 praemium
2048 1132 2112 1195 ei
2142 1140 2564 1215 proponeret,

381 1231 501 1316 qui
544 1250 789 1297 novum
819 1232 1189 1316 voluptatis
1232 1254 1448 1316 genus
1496 1235 1872 1318 reperisset,
1903 1240 2172 1316 quanta,
2203 1233 2363 1297 dum
2405 1234 2565 1298 deli-

388 1333 513 1396 ciis
544 1332 767 1396 nimiis
797 1333 1080 1415 capitur,
1110 1335 1509 1418 amplissimi
1550 1333 1808 1418 imperii
1835 1335 2027 1398 ruina
2053 1335 2270 1398 evasit
2285 1337 2342 1398 ‘lt

464 1435 530 1498 4.
572 1431 945 1499 Antiochus
996 1453 1261 1518 quoque
1305 1435 1519 1518 Syriae
1567 1454 1692 1499 rex
1731 1434 1938 1498 nihilo
1981 1433 2486 1500 continentioris
2506 1444 2562 1484 4¹

382 1535 710 1618 exempli:
757 1534 956 1618 cujus
1014 1555 1267 1600 caecam
1324 1542 1394 1599 et
1446 1541 1780 1600 amentem
1838 1534 2176 1598 luxuriam
2231 1537 2564 1600 exercitus

383 1634 697 1713 imitatus,
728 1651 963 1718 magna
1006 1657 1093 1700 ex
1137 1644 1329 1718 parte
1376 1654 1621 1700 aureos
1665 1637 1939 1700 clavos⁸
1980 1635 2274 1718 crepidis
2297 1638 2564 1720 subjec-

382 1743 495 1800 tos
523 1736 789 1802 habuit:
836 1744 1277 1820 argenteaque
1307 1757 1473 1802 vasa
1502 1737 1592 1801 ad
1620 1757 1808 1802 usum
1843 1737 2086 1802 culinae
2115 1741 2563 1819 comparavit:

384 1842 453 1901 et
482 1838 911 1902 tabernacula
943 1838 1291 1902 textilibus
1320 1839 1559 1920 sigillis
1603 1840 1928 1903 adornata
1971 1837 2254 1902 statuit-⁸*
2339 1838 2565 1904 Avaro

385 1937 605 2021 potius
631 1938 814 2002 hosti
840 1939 1069 2023 praeda
1099 1939 1443 2021 optabilis,
1467 1959 1666 2021 quam
1695 1938 1831 2003 ulla
1864 1939 1950 2002 ad
1982 1938 2377 2004 vincendum
2405 1947 2568 2004 stre·

389 2058 523 2102 nuo
555 2047 818 2104 mora.4²

472 2141 534 2202 5.
583 2138 739 2203 Jam
756 2146 809 2186 4³
880 2139 1327 2207 Ptolemaeus⁸
1388 2159 1509 2204 rex
1563 2140 1865 2205 accessio
1925 2140 2236 2204 vitiorum
2297 2159 2568 2206 suorum

1301 2287 1566 2307 ”OOOOOOO
1571 2288 1661 2308 ΟΝ

390 2368 687 2426 delibatam,
727 2370 773 2419 si
804 2369 1024 2420 nuberet
1060 2372 1147 2420 nni
1182 2385 1248 2420 ex
1270 2385 1535 2420 servornm
1557 2375 1918 2420 πωπω-40
1951 2370 1966 2398 ‘
1986 2369 2171 2433 Copes.
2189 2371 2436 2431 gaudeam
2470 2385 2570 2434 quo

389 2440 545 2495 pacto
575 2434 747 2484 omnia
780 2434 1094 2498 conjunctim
1130 2436 1351 2499 legenda
1384 2440 1565 2486 erunt:
1600 2437 1709 2498 Age
1732 2435 1802 2485 X.
1823 2449 1866 2485 a.
1889 2448 1931 2485 r.
1953 2447 1996 2482 ο.
2032 2448 2072 2483 e.
2114 2447 2166 2483 eo
2200 2448 2343 2497 unque
2375 2437 2570 2485 luxuria

382 2501 594 2559 gaudens
624 2504 678 2548 ut
710 2502 791 2561 ⁸5⁶·
831 2501 1099 2563 reperisset,
1136 2506 1311 2562 quanta
1342 2502 1390 2549 d.
1421 2502 1503 2561 ⁸5⁶·
1537 2500 1681 2548 ruina
1721 2500 1886 2548 wasit-
1949 2498 2036 2546 Sic
2058 2511 2138 2547 ιι.
2160 2504 2210 2547 5.
2235 2502 2282 2547 6.
2309 2506 2366 2546 et
2389 2513 2493 2548 vu.
2516 2504 2570 2549 2.

390 2562 511 2611 Ext.
531 2567 579 2612 8.
604 2570 656 2611 et
679 2576 757 2612 lx.
782 2567 831 2612 8.
854 2567 903 2613 3.
917 2564 990 2613 sic
1010 2568 1065 2611 et
1086 2561 1324 2613 Ascensii
1341 2562 1540 2612 editio?
1576 2562 1793 2611 Per-ison.
1861 2560 1877 2588 ‘
1897 2560 2012 2609 Nec
2032 2559 2265 2609 Ascensii
2287 2561 2461 2623 modo,
2482 2562 2573 2611 sed

294 2630 302 2635 ”
390 2634 447 2675 et
480 2626 701 2676 Mediol.
734 2627 863 2677 Ven.
893 2626 1014 2676 Ald.
1053 2627 1166 2677 Col.
1192 2628 1373 2690 steph.
1397 2626 1600 2689 Grypb.
1624 2632 1678 2675 et
1701 2626 1826 2675 Mss.
1847 2623 2102 2673 undecim.
2166 2625 2340 2678 Quare
2372 2627 2572 2688 optime

390 2690 465 2738 ita
506 2689 879 2739 emendandum
919 2690 1180 2740 censuisse
1213 2691 1545 2740 Perizonium
1579 2687 1848 2754 judicavi.’
1885 2688 2081 2736 Tor-ren.
2144 2686 2230 2737 Sic
2265 2689 2419 2737 etiarn
2450 2690 2572 2740 Vet.

389 2753 624 2817 Pighius,
650 2755 839 2818 aliique
874 2754 1170 2815 ediderunt,
1196 2755 1450 2817 gaudebat,
1470 2762 1526 2803 et
1566 2759 1689 2816 post
1710 2753 1977 2815 reperisset,
2001 2751 2382 2802 distinctionem
2415 2753 2575 2801 maxi·

390 2825 862 2931 32:2¹..1’352522'213
884 2816 2576 2931 -1220113Pffi‘23'ffffi{⁰323533⁹⁸3303333231032¹32÷

390 2946 695 2994 contentia-is
734 2916 916 3008 Canii).
936 2947 1145 2995 Winck.
1185 2953 1239 2995 et
1269 2915 1450 2995 lairen.
1492 2914 1618 2994 curn·
1649 2916 1820 2993 multis
1855 2893 2066 2994 'rori-en.
2101 2895 2448 3005 contemptim-{s
2485 2916 2573 2993 alii

392 3008 544 3056 codd.
564 3009 777 3058 Torren.
798 3023 914 3057 cum
935 3010 1103 3058 Bitnr.
1134 3014 1179 3057 l.
1205 3024 1236 3059 a
1258 3024 1325 3058 m.
1355 3024 1461 3057 sec.
1492 3007 1898 3058 imminentioris
1917 3008 2107 3069 Ultraj.
2141 3010 2318 3057 1.-42
2351 3006 2575 3056 Auctior

393 3071 446 3119 in
467 3072 593 3119 Par.
618 3074 665 3120 l.
683 3072 779 3121 hoc
800 3072 983 3121 modo:
1025 3074 1155 3121 Unde
1170 3074 1361 3136 pulchre
1386 3072 1636 3121 Hannibal
1651 3073 1776 3135 apud
1800 3071 2078 3120 Antiochum
2100 3071 2294 3119 exulans
2311 3072 2406 3133 ipsi
2425 3072 2573 3120 inter·

392 3134 603 3197 roganti,
632 3150 695 3184 an
726 3136 803 3184 hic
828 3136 1066 3185 exercitus
1084 3138 1331 3200 sufficeret,
1347 3137 1495 3194 dixit,
1508 3141 1622 3197 puto
1637 3136 1728 3185 etsi
1748 3135 2014 3183 avarissimi
2035 3134 2132 3182 sint
2146 3151 2163 3183 .·
2197 3134 2318 3183 nihil
2336 3136 2574 3193 dicacium

392 3199 765 3259 interrogata-at
794 3213 881 3247 rea:
912 3203 969 3249 de
994 3200 1223 3260 victoria,
1253 3200 1491 3261 respondit
1514 3201 1592 3247 ille
1610 3201 1668 3249 de
1695 3200 1875 3261 proeda.
1940 3200 2010 3246 Et
2029 3199 2140 3246 haec
2163 3198 2236 3246 ita
2260 3199 2498 3260 leguntur
2520 3198 2573 3247 in

393 3262 501 3310 Bit.
527 3264 714 3325 primo,
735 3263 828 3313 sed
843 3265 1068 3327 ascripta
1089 3272 1239 3313 erant
1256 3264 1307 3311 in
1329 3263 1581 3326 margine,
1604 3262 1678 3311 ita
1695 3270 1886 3323 tamen,
1911 3268 1969 3310 nt
1992 3262 2239 3311 asterisco
2267 3263 2399 3311 inter
2421 3277 2574 3327 quar-

394 3332 501 3374 tum
523 3333 579 3375 et
608 3328 844 3390 quintum
876 3329 1025 3391 hujus
1059 3327 1249 3389 capitis
1283 3329 1576 3389 exemplum
1614 3326 1890 3375 inserenda
1911 3326 2080 3375 textui
2101 3339 2216 3373 esse
2244 3325 2582 3377 indicaretur.

393 3390 409 3416 ‘
428 3389 533 3437 Pro
580 3392 748 3453 glossa
783 3391 1103 3441 habendum?
1136 3392 1459 3441 Turrem-43
1497 3392 1627 3439 Nam
1649 3391 1880 3453 plerique
1923 3388 2076 3439 codd.
2142 3390 2350 3439 Deinde
2391 3404 2578 3440 accusa

398 3466 525 3503 unus
549 3453 715 3503 codex
738 3456 951 3505 Torren.
989 3456 1189 3505 accessio
1209 3455 1342 3505 Dan.
1365 3453 1565 3505 Brand.
1597 3459 1644 3505 1.
1681 3458 1732 3503 2.
1760 3462 1817 3503 et
1847 3467 2031 3503 novem
2065 3453 2383 3504 Torreniani.
2447 3454 2575 3503 Mox

1384 3576 1598 3627 No'rAE

460 3677 484 3725 1ι
517 3669 620 3721 An.
642 3670 721 3720 Μ.
742 3674 891 3721 3755.
945 3671 1031 3721 01.
1063 3675 1175 3721 120.
1207 3675 1257 3720 2.
1316 3670 1446 3721 Urb.
1524 3670 1642 3720 bal:
1667 3670 1684 3698 ‘
1704 3670 1880 3729 Satis,'
1905 3670 2089 3735 inquit,
2118 3670 2135 3698 ‘
2152 3673 2304 3719 erunt
2321 3667 2580 3732 Romanis,

398 3749 460 3798 C.
483 3752 600 3798 454.
655 3745 779 3797 Ant.
806 3746 899 3797 ch.
922 3750 1037 3797 298.
1526 3746 1754 3808 quamvis
1775 3746 2060 3794 avarissimi
2085 3743 2226 3794 sint?

462 3829 489 3882 t
522 3820 629 3871 An.
661 3822 739 3869 M.
780 3824 929 3871 3568.
984 3819 1071 3870 Ol.
1094 3823 1176 3871 73.
1197 3823 1247 3869 8.
1314 3817 1446 3868 Urb.
1593 3820 1623 3847 ¹¹
1654 3818 1758 3868 An.
1789 3821 1867 3869 M.
1896 3824 2045 3869 3862.
2101 3819 2187 3867 Ol.
2209 3821 2322 3868 147.
2343 3821 2392 3867 l.
2447 3815 2579 3866 Urb.

400 3896 461 3947 C.
483 3900 597 3945 267.
649 3894 775 3945 Ant.
800 3895 896 3945 Ch.
916 3898 1031 3945 485.
1529 3890 1591 3941 C.
1613 3896 1728 3941 561.
1781 3893 1909 3942 Ant.
1931 3894 2026 3943 ch.
2052 3895 2163 3943 191.

463 3980 485 4004 ⁸
515 3974 696 4021 Aur-eos
734 3970 910 4033 clavos]
957 3969 1148 4034 Copias
1184 3981 1310 4017 auro
1350 3965 1450 4016 ful·
1595 3971 1620 3998 ⁸
1653 3966 1956 4029 Ptolemoem]
1990 3967 2148 4015 Filius
2171 3964 2440 4015 Ptolemaei
2459 3965 2584 4027 Epi-

402 4052 586 4110 gentes
630 4045 914 4097 Hannibali
972 4059 1088 4095 cum
1138 4042 1453 4093 ostendisset
1530 4038 1736 4101 phanis.
1771 4041 2034 4103 Physcon,
2051 4040 2148 4089 hoc
2163 4039 2581 4103 esuventriosm,

403 4118 706 4183 Antiochus,
746 4120 984 4186 quaesivit
1004 4134 1070 4169 ex
1092 4133 1175 4177 eo,
1206 4117 1450 4181 numquid
1532 4121 1752 4164 vocatur
1774 4130 1807 4163 a
1827 4114 2075 4177 Josepho,
2112 4112 2387 4177 Strabone,
2427 4119 2483 4163 et
2516 4114 2581 4163 ab

403 4209 465 4244 ea
480 4197 607 4246 satis
629 4206 799 4248 essent
818 4195 1085 4248 Romanis?
1108 4195 1238 4244 Tum
1256 4192 1452 4243 Hanni·
1532 4189 1825 4255 Epiphanio
1848 4188 2136 4253 Philologo,
2157 4188 2375 4251 δίποδος
2396 4188 2583 4239 Cacer-
