3144 4925
681 366 843 415 cu.
875 368 947 416 v.
997 367 1096 414 nn
1143 367 1740 420 snnssvormurm
1792 371 2254 424 psaranum·
2437 361 2577 428 56⁷

445 508 514 574 2.
558 507 669 572 Μ.
687 529 846 574 vero
877 509 1134 575 Fabius
1152 519 1178 548 ⁰
1219 513 1474 588 consul,
1519 514 1771 600 inclyta
1798 520 2071 600 pugnad
2116 517 2476 586 Hetruscis
2505 528 2575 589 et

363 605 776 676 Veientibus
797 620 849 649 ¹0
891 614 1250 697 superatis,
1283 615 1572 681 delatum
1606 618 1737 683 sibi
1767 639 2023 686 summo
2055 630 2329 688 senatus
2358 643 2574 707 popu-

361 712 551 797 lique
579 712 804 777 studio
833 714 1240 798 triumphum
1269 717 1510 782 ducere
1539 736 1673 784 uon
1702 722 2049 788 sustinuit:
2095 725 2255 807 quia
2286 744 2370 789 eo
2400 745 2576 808 prae-

362 812 459 877 lio
491 813 583 893 Q.
611 813 886 891 Fabius,
933 815 1140 880 frater
1178 818 1354 900 ejus,
1405 821 1775 886 consularis
1826 823 2191 890 fortissime
2243 825 2575 892 dimicans

363 913 726 980 occiderat.
817 914 1158 993 Quantam
1189 919 1260 982 in
1287 939 1371 984 eo
1401 929 1675 1004 pectore
1704 923 2023 1006 pietatem
2050 925 2361 992 fraternae
2404 930 2575 994 cari-

358 1016 521 1080 tatis
542 1024 589 1054 ¹¹
635 1017 982 1082 habitasse
1029 1020 1516 1100 existimemus,
1569 1031 1848 1107 propter
1906 1045 2108 1110 quam
2166 1029 2572 1112 amplissimi

359 1115 640 1182 honoris
670 1124 896 1183 tantus
927 1117 1148 1200 fulgor
1175 1123 1484 1203 extingui
1513 1125 1737 1206 potuit
1756 1125 1786 1187 ‘l
1818 1129 1842 1176 'r

444 1219 510 1284 3.
557 1220 720 1285 Hoc
743 1222 1054 1304 exemplo
1080 1227 1410 1301 vetustas,
1449 1225 1567 1289 illo
1599 1228 1921 1292 saeculum
1950 1234 2238 1294 nostrum
2270 1236 2573 1298 ornatum

363 1327 515 1386 est:
577 1323 690 1386 cui
736 1324 1017 1405 contigit
1065 1324 1432 1388 fraternum
1481 1325 1716 1408 jugum
1774 1326 2079 1394 Claudiae
2132 1331 2347 1414 prius,
2398 1351 2573 1400 nunc

361 1423 564 1489 etiam
592 1423 638 1488 J
640 1425 800 1488 uliae
829 1426 1045 1506 gentis
1063 1433 1086 1462 ἒ
1127 1426 1368 1492 intueri
1398 1426 1626 1492 decus.
1646 1429 1669 1466 ὅ
1754 1429 2049 1494 Tantum
2078 1433 2253 1498 enim
2282 1451 2575 1500 amorem

357 1527 682 1610 princeps
732 1546 1116 1611 parensque
1189 1535 1422 1592 noster
1476 1529 1745 1595 insitum
1804 1533 2025 1596 animo
2080 1531 2303 1597 fratris
2364 1533 2575 1600 Drusi

359 1623 619 1704 habuit,
647 1636 724 1693 ut
753 1649 908 1694 cum
937 1630 1188 1707 Ticini,
1212 1626 1236 1666 ¹
1272 1649 1406 1713 quo
1444 1632 1661 1696 victor
1688 1632 1977 1696 hostium
2008 1633 2095 1696 ad
2126 1636 2574 1718 complecten-

361 1728 492 1792 dos
522 1738 834 1812 parentes
860 1741 1158 1808 venerat,
1203 1732 1388 1813 gravi
1417 1731 1613 1796 illum
1642 1737 1711 1795 et
1740 1733 2177 1815 periculosa⁸
2204 1735 2575 1802 valetudine

423 1939 448 1972 θ
470 1943 564 1990 Cui
585 1943 792 2005 contigit
811 1958 997 1994 emere
1013 1950 1223 1993 mutuum
1239 1959 1444 1994 amorem
1461 1945 1885 2004 duorumsratmm
1901 1945 2087 1996 Tiberii
2099 1951 2147 1996 et
2163 1946 2335 2009 Drusi,
2349 1947 2431 2010 qni
2439 1946 2576 2010 priua

371 2007 610 2070 claudie,
621 2023 745 2058 nunc
763 2011 910 2058 Juliae
927 2010 1069 2070 genti
1083 2011 1244 2058 decori
1259 2015 1386 2060 suut.

1283 2169 1643 2190 W

360 2276 578 2326 Tol-ren.
607 2282 663 2324 et
684 2276 861 2340 Kapp.
929 2278 1058 2326 Mox
1083 2278 1272 2340 Ultraj.
1293 2283 1344 2328 2.
1376 2278 1637 2328 ministerio
1652 2279 1836 2340 fratr-is
1854 2280 2095 2342 aliquanto
2117 2279 2417 2340 maian—10
2447 2277 2464 2306 ⁴
2482 2277 2573 2328 rto

363 2337 526 2390 Aldus
555 2348 612 2390 et
635 2341 736 2389 alii.
802 2342 910 2390 Pro
935 2342 1190 2390 Hetruscis
1211 2345 1338 2392 Mss.
1374 2343 1600 2408 quinque
1630 2351 1685 2393 et
1724 2343 1868 2406 Mog.
1912 2349 1961 2393 et
1994 2347 2176 2404 amicis,
2216 2351 2420 2407 septem
2455 2356 2573 2392 cum

364 2403 490 2454 Vet.
512 2411 560 2456 et
584 2406 786 2469 amiclis,
819 2407 906 2454 alii
931 2411 977 2454 et
999 2407 1248 2465 amiculas,-
1283 2407 1415 2455 tunde
1446 2407 1653 2471 Pighius
1696 2409 1914 2473 conjicit
1949 2413 1997 2457 et
2036 2409 2311 2471 AEquicolis.
2377 2407 2463 2456 Al.
2504 2408 2574 2456 Et

364 2468 592 2533 Arum-is,
625 2474 692 2521 al.
723 2476 770 2521 et
798 2472 1004 2521 ,Er-uicis.
1072 2473 1256 2522 Lectio
1295 2472 1505 2534 vulgata
1540 2473 1671 2521 bene
1695 2488 1751 2521 se
1776 2473 1971 2522 habet?
2006 2476 2295 2535 Kapp.—ll
2332 2473 2501 2521 Bitnr.
2524 2478 2573 2521 l.

354 2532 596 2594 fraterno.
633 2536 836 2599 pietatis
869 2536 1168 2586 charitatem.
1235 2537 1404 2589 Paulo
1444 2544 1564 2600 post
1587 2544 1789 2601 septem
1814 2537 1970 2587 codd.
1990 2539 2209 2587 Torren.
2234 2552 2351 2587 cnm
2372 2538 2492 2586 Vet.
2515 2542 2573 2585 et

1363 2698 1579 2748 NOTAE

367 2832 483 2877 ⁸63.
505 2826 634 2877 Ant.
656 2827 751 2878 Ch.
776 2831 892 2878 189.

369 2928 376 2935 -
429 2911 454 2937 ⁰
486 2905 565 2954 M.
590 2920 702 2954 vero
724 2904 932 2967 Fabius]
969 2904 1258 2955 Vibulanus
1281 2911 1336 2954 et
1359 2905 1426 2957 Q.

364 2982 516 3032 Caeso
532 2980 748 3043 fratres,
773 2989 976 3045 septem
1001 2980 1258 3031 continuis
1281 2981 1428 3029 annis

322 3097 328 3101 .
365 3056 638 3108 Consules.

427 3132 452 3168 ‘²
487 3136 676 3199 Inclyta
697 3135 882 3199 pugna]
909 3132 1108 3198 Majori
1145 3133 1350 3195 quidem
1375 3140 1429 3182 et

303 3203 308 3208 ’
365 3211 534 3267 auimo
554 3217 610 3260 et
631 3224 848 3259 numero
872 3209 1098 3258 noudum
1124 3223 1155 3256 a
1188 3208 1430 3257 Romanis

364 3294 626 3336 certatum
659 3294 805 3348 erat;
845 3287 1000 3336 dubia
1033 3292 1209 3335 tamen
1243 3283 1431 3333 fuisset

364 3362 610 3423 victoria,
631 3363 726 3411 nisi
741 3362 991 3411 Hetrusci
1010 3361 1233 3410 desertis
1245 3360 1432 3409 castris

367 3445 528 3488 noctu
571 3435 911 3501 aufugissent.
975 3437 1254 3487 Consulum
1298 3436 1434 3484 alter

369 3514 431 3563 C.
449 3514 700 3577 Manlius,
724 3515 792 3566 Q.
814 3514 1006 3563 Fabius
1029 3515 1276 3577 Legatus,
1305 3512 1432 3561 mul-
1488 3514 1500 3520 ”

369 3588 514 3653 tique
559 3589 778 3638 Tribuni
829 3589 1160 3648 ceciderunt;
1217 3588 1432 3650 ipseque

369 3665 450 3714 M.
483 3664 676 3713 Fabius
720 3665 930 3713 immani
966 3666 1178 3713 vulnere
1209 3663 1431 3725 saueiuS,

368 3738 686 3803 magistratu
706 3740 950 3789 abdicare
968 3754 1024 3788 se
1046 3746 1256 3790 coactus
1269 3744 1368 3787 est.

433 3824 458 3869 t
491 3814 598 3863 An.
633 3816 709 3863 M.
743 3820 888 3865 3575.
913 3813 999 3864 01.
1022 3820 1104 3865 76.
1143 3819 1195 3864 2.
1216 3813 1346 3863 Urb.
1371 3812 1431 3862 C.

367 3894 481 3940 2¹74.
501 3890 623 3940 Ant.
650 3892 742 3939 Ch.
762 3894 878 3941 478.

431 3973 456 3999 ⁸
483 3968 782 4016 Frater-num
802 3968 979 4029 jugum
1005 3966 1429 4026 Claudia....gen-

370 4040 460 4104 tis]
514 4042 752 4091 Tiberius
797 4050 853 4091 et
893 4044 1101 4092 Drusus
1157 4041 1431 4090 trahebant

371 4124 652 4183 utrumque
693 4133 856 4181 genus
903 4135 934 4169 a
977 4118 1198 4168 Claudia
1240 4122 1431 4180 gente3

370 4201 640 4259 paternum
680 4208 712 4243 a
745 4195 827 4243 Ti.
876 4194 1108 4254 Nerone,
1141 4198 1432 4245 maternum

1511 2827 1577 2878 ab
1600 2826 1699 2892 Ap.
1724 2826 1973 2890 Pulchro,
1992 2842 2209 2891 quorum
2229 2831 2449 2887 uterque
2468 2822 2573 2887 Ap.

1511 2904 1654 2953 Coeei
1696 2900 1829 2950 tilius
1870 2900 1985 2951 fuit.
2048 2901 2307 2949 Tiberium
2352 2913 2476 2948 vero
2517 2904 2577 2949 et

1509 2980 1743 3028 Drusum
1778 2975 2047 3040 Augustus
2070 2976 2121 3024 in
2145 2982 2356 3038 gentem
2377 2972 2575 3022 Juliam

1509 3053 1800 3117 adoptavit.

1574 3130 1597 3162 f
1626 3131 1805 3193 Ticini]
1840 3130 2045 3180 Nomen
2067 3134 2122 3179 et
2158 3126 2303 3176 fluvii
2340 3132 2398 3175 et
2434 3124 2576 3174 urbis

1511 3207 1564 3255 in
1601 3206 1875 3266 Insubria3
1913 3204 2193 3263 fluviusin
2237 3201 2441 3252 Padum
2500 3201 2577 3251 in·

1510 3280 1647 3341 fluit,
1692 3296 1983 3344 nomenque
2021 3280 2170 3331 dedit
2208 3277 2326 3328 urbi
2366 3278 2577 3338 vicinae,

1512 3372 1649 3406 nunc
1692 3358 1875 3415 Punic,-
1909 3372 2010 3421 quo
2043 3356 2281 3405 Tiberius
2305 3353 2459 3403 victis
2494 3352 2578 3401 Li·

1516 3432 1731 3497 guribus
1758 3438 1991 3481 venerat.

1579 3516 1605 3551 8
1639 3508 1795 3557 Gravi
1808 3508 1943 3556 illum
1958 3512 2007 3555 et
2020 3506 2302 3569 periculosa,
2314 3504 2419 3567 ξω]
2441 3502 2578 3549 Con-

1515 3582 1692 3631 temtis
1736 3577 1967 3644 auguriis
2013 3582 2218 3629 Drusus
2262 3579 2314 3625 in
2361 3577 2577 3626 Germa-

1512 3659 1651 3709 niam
1697 3658 1945 3719 redierat,
1972 3657 2187 3720 jamque
2226 3654 2429 3712 Cattos,
2449 3651 2577 3699 Sue·

1517 3750 1628 3795 vos,
1645 3735 1873 3797 aliosque
1896 3733 1961 3782 ad
1986 3732 2159 3791 Albim
2176 3744 2339 3794 usque
2358 3728 2577 3792 populos

1515 3811 1740 3871 vicerat3
1762 3824 1878 3859 cum
1905 3823 2050 3869 ecce,
2072 3808 2191 3855 dum
2215 3804 2387 3853 Albim
2410 3808 2580 3851 trans-

1511 3886 1589 3936 ire
1630 3887 1850 3949 cogitat,
1902 3884 2091 3933 mulier
2130 3883 2351 3930 humana
2392 3876 2577 3942 specie

1509 3967 1695 4030 major,
1730 3963 1921 4025 ‘Quo,'
1957 3960 2149 4025 inquit,
2188 3957 2459 4019 ‘festinas,
2498 3958 2577 4005 in-

1511 4040 1763 4092 satiabilis
1786 4040 1983 4097 Druse,
2004 4050 2104 4083 nou
2122 4034 2292 4083 omnia
2313 4031 2409 4083 tibi
2432 4031 2575 4081 adire

1513 4122 1568 4165 et
1604 4128 1820 4164 eernere
1854 4126 2158 4161 concessum
2182 4116 2296 4161 estz
2332 4109 2425 4158 sed
2446 4105 2575 4157 cede

1513 4196 1676 4253 retro,
1714 4202 1833 4239 uam
1876 4192 1932 4237 et
1972 4200 2187 4251 operum
2216 4184 2314 4237 tibi
2354 4190 2409 4233 et
2450 4182 2574 4231 vitoe
