3144 4925
561 373 693 438 824
1159 387 1471 436 unnim
1520 385 1812 434 MAxmr
1865 386 2008 434 mu.
2055 387 2165 436 rx.

650 533 716 596 4.
760 529 878 594 Cn.
934 529 1273 594 Domitius
1331 530 1409 594 L.
1463 529 1762 595 orassem
1806 529 2084 610 collegae
2141 548 2268 594 suo
2320 530 2750 598 altercatione

564 637 708 697 orta
736 631 1003 716 objecit,
1039 631 1220 714 quod
1251 632 1597 696 columnas
1644 631 2031 714 Hymettias
2049 639 2075 665 ¹¹
2119 631 2184 693 in
2215 632 2478 713 porticu
2509 633 2749 697 domus

562 733 853 797 haberet.
944 731 1167 810 Quem
1221 733 1539 797 continuo
1600 730 1914 807 Crassus„
1961 735 1980 764 ‘
2002 731 2228 812 quanti
2282 732 2428 813 ipse
2480 731 2748 797 domum

564 851 759 898 suam
832 831 1229 910 aestimaret,’
1299 829 1804 913 interrogavit.¹⁶
1889 830 2115 912 Atque
2191 837 2326 896 ut¹⁷
2386 833 2748 916 respondit,

564 938 585 966 ‘
617 935 927 1015 sexagies
958 933 1300 998 sestertio:
1321 932 1338 957 ’
1384 937 1404 967 ‘
1438 930 1712 1009 Quanto
1737 931 1788 970 ¹⁸
1817 951 1974 1013 ergo
2003 932 2194 1009 eam,’
2221 933 2459 1016 inquit,
2489 941 2510 969 ‘
2534 935 2750 997 mino-

561 1035 656 1098 ris
696 1034 835 1098 fore
880 1034 1249 1111 existimaS,
1294 1035 1351 1098 si
1405 1035 1638 1100 decern
1694 1033 2092 1100 arbusculas
2133 1035 2302 1098 inde.
2340 1023 2682 1100 succidero
2697 1034 2751 1098 ‘t'

562 1139 584 1167 ‘
614 1135 779 1218 Ipso
850 1134 1080 1199 tricies
1144 1134 1499 1211 sestertiO,’
1556 1135 1652 1198 ait
1711 1133 2076 1198 Domitius.
2161 1134 2352 1198 Tunc
2395 1123 2746 1200 ‘cr-assus:

564 1241 584 1271 ‘
618 1233 784 1298 Uter
826 1235 1064 1317 igitur-⁰
1105 1236 1513 1299 luxuriosior
1541 1236 1697 1299 est?
1771 1233 2025 1315 Egone,
2068 1234 2180 1314 qui
2226 1233 2453 1297 decem
2493 1234 2749 1298 colum-

562 1355 689 1400 nas
734 1342 995 1400 centum
1038 1336 1335 1400 millibus
1385 1355 1719 1399 nummum
1751 1335 1926 1398 emi:
1973 1353 2056 1398 an
2105 1340 2199 1413 tu,
2230 1336 2346 1417 qui
2387 1334 2618 1398 decem
2647 1353 2751 1398 ar-

562 1438 985 1500 buscularum
1005 1438 1303 1500 umbram
1323 1437 1543 1500 tricies
1562 1435 1940 1499 sestertium
1961 1454 2218 1498 summa
2237 1455 2634 1517 compensas
2651 1435 2704 1498 ‘t’
2719 1443 2749 1470 ¹·

565 1537 949 1601 Sermonem
986 1539 1256 1604 oblitum
1300 1537 1588 1620 Pyrrhi‚¹‘
1628 1536 2080 1600 immemorem
2126 1535 2552 1614 Hannibalis,
2573 1537 2748 1620 Jam-

565 1657 697 1719 que
730 1641 1304 1704 transmarinorum
1342 1640 1832 1722 stipendiorum
1879 1638 2285 1702 abundantia
2326 1639 2746 1702 oscitantem:

566 1739 911 1824 aliquanto
944 1749 1166 1806 tamen
1210 1741 1699 1823 insequentium
1744 1740 2144 1805 saeculorum
2190 1739 2500 1803 aedificiis
2540 1747 2612 1803 et
2636 1759 2747 1802 ne·-

1461 1920 1821 1940 OOOOOOOOOOOO

564 2035 773 2099 offectio.
826 2037 933 2084 Pro
953 2037 1253 2085 curiosiorem
1277 2037 1395 2086 Par.
1421 2042 1465 2084 1.
1486 2036 1829 2085 studiosiorem.
1842 2040 1964 2084 -16
1996 2033 2156 2084 Codd.
2179 2034 2437 2096 quinque:
2477 2035 2628 2089 Quem
2645 2048 2751 2083 eum

564 2101 799 2162 contiuuo,
822 2103 901 2161 εἷο.
934 2100 1283 2161 interrogarem
1317 2099 1569 2164 quomodo
1605 2101 1656 2148 in
1693 2099 1812 2149 edd.
1837 2107 1960 2148 ante
1980 2099 2262 2162 Pigh.--1⁷
2296 2099 2456 2160 Atque
2475 2098 2555 2146 ubi
2579 2099 2748 2147 Bitur.

569 2169 616 2211 1.
656 2163 783 2210 Mox
808 2165 1066 2211 Meursius
1099 2163 1234 2225 conj.
1265 2164 1522 2212 sexcenties
1550 2163 1914 2212 sestertia—18
1954 2164 2058 2218 Quo
2091 2175 2275 2210 novem
2301 2161 2455 2209 codd.
2488 2169 2542 2210 et
2577 2176 2751 2210 omnes

564 2226 685 2275 edd.
710 2226 892 2288 Pighio
915 2227 1130 2286 priores.
1200 2228 1389 2281 Quanto
1408 2240 1473 2274 ex
1498 2227 1691 2275 Caueh.
1715 2227 1984 2290 rescripsit
2004 2226 2230 2287 Pighius.
2295 2229 2310 2254 ‘
2331 2226 2536 2274 Deinde
2559 2226 2747 2287 Copes.

564 2288 759 2337 omittit
790 2287 849 2336 τὸ
880 2289 985 2346 ait3
1014 2297 1067 2338 et
1102 2290 1260 2352 inquit
1299 2289 1444 2351 ponit
1479 2295 1599 2352 post
1633 2291 1845 2338 Crassus.
1913 2291 2067 2339 Forte
2091 2296 2364 2352 utrumque
2386 2289 2562 2336 melius
2584 2288 2750 2339 abest.

565 2353 732 2401 Porro
754 2353 939 2414 Copes.
958 2358 1119 2402 contra
1144 2354 1303 2402 tricies
1320 2356 1588 2402 sestertium
1609 2368 1834 2402 summam
1848 2371 1864 2402 .·
1897 2361 2041 2402 certe
2064 2356 2271 2414 vulgata
2291 2355 2448 2401 lectio
2464 2354 2650 2401 nullius
2665 2360 2750 2401 est

566 2417 739 2480 pretii,
762 2425 817 2467 et
839 2415 1112 2467 manifesto
1133 2424 1394 2482 corrupta.
1466 2419 1674 2481 Nempe
1693 2419 1960 2467 sestertium
1991 2418 2198 2481 ponitur
2229 2417 2377 2481 quasi
2409 2423 2548 2466 esset
2571 2417 2752 2480 geniti·

562 2495 677 2542 vus,
694 2498 808 2531 eum
833 2483 928 2531 hoc
953 2481 1105 2531 modo
1127 2481 1421 2544 legendum,
1442 2489 1500 2531 ut
1523 2483 1698 2531 multis
1719 2483 1850 2531 hanc
1873 2483 2184 2531 locutionem
2200 2482 2422 2529 asseruit
2443 2481 2751 2530 Gronovius.

562 2546 665 2594 Sed
690 2552 859 2595 tamen
883 2561 1059 2595 omnes
1082 2546 1233 2598 codd.
1258 2546 1449 2595 habent
1467 2548 1752 2607 sestertium,
1769 2547 1902 2609 quod
1924 2544 2160 2608 profecto
2176 2545 2296 2593 mihi
2319 2545 2524 2593 videtur
2546 2560 2750 2593 caussam

565 2610 792 2669 dedisse,
834 2618 891 2658 ut
924 2609 1120 2659 librarii
1163 2610 1418 2660 adderent
1449 2624 1694 2669 summam,
1736 2609 1872 2673 quod
1911 2624 1975 2658 ex
2013 2610 2184 2671 glossa
2223 2616 2388 2657 ortum
2425 2623 2534 2657 esse
2574 2612 2752 2669 credo,

558 2674 972 2737 legendumque:
1006 2679 1171 2723 contro
1199 2672 1361 2723 tricies
1378 2674 1646 2723 sestertium
1667 2688 1956 2736 compensas:
1991 2674 2260 2722 sestertium
2290 2687 2354 2721 eo
2390 2672 2552 2733 magis
2586 2672 2750 2721 credi-

562 2737 752 2788 derunt
769 2752 881 2787 esse
901 2738 1203 2802 genitivum,
1220 2738 1458 2801 quoniam
1477 2738 1747 2799 praecessit
1763 2752 1999 2787 nummum
2013 2738 2064 2787 in
2079 2736 2341 2800 genitivo.’
2362 2736 2582 2785 Perizon.
2604 2736 2750 2785 Leid.

562 2802 715 2863 prim.
736 2803 863 2850 circo
879 2802 1043 2850 tricies
1055 2802 1323 2851 sestertium
1337 2816 1563 2851 summum
1579 2816 1600 2858 ς
1632 2814 1750 2850 cum
1768 2801 1952 2860 Copes.
1975 2799 2106 2850 facit
2125 2800 2269 2850 Leid.
2292 2809 2426 2850 sext.
2443 2794 2533 2848 sed
2557 2800 2750 2861 Ultraj.

564 2866 714 2928 prim.
736 2866 899 2915 tricies
912 2866 1131 2915 sestertio
1145 2880 1351 2923 summm
1369 2866 1559 2928 Ultraj.
1577 2878 1682 2914 sec.
1699 2865 1860 2914 tricies
1868 2866 2132 2915 sestertium
2145 2880 2389 2914 suinmam.
2424 2864 2626 2928 Reliqui
2643 2866 2750 2914 vul-

1546 3029 1765 3081 NOTAE

625 3149 662 3174 π·
700 3142 789 3190 Cn.
822 3143 1063 3191 Domitius
1106 3143 1165 3193 1..
1214 3144 1410 3209 Crasso]
1446 3143 1615 3194 Ambo
1695 3142 1925 3207 obvenit,
1946 3143 2162 3193 comiter
2177 3143 2438 3193 habitem:
2476 3159 2541 3193 au
2566 3152 2641 3207 tu,
2663 3144 2750 3209 qui

562 3218 813 3265 Censores
877 3224 1056 3279 erant;
1111 3219 1371 3267 Domitius
1429 3226 1616 3267 natura
1697 3219 1832 3269 tanti
1855 3232 1947 3267 sex
1969 3218 2180 3268 arbores
2217 3220 2461 3269 aestimes.
2527 3221 2618 3269 Eae
2639 3219 2750 3268 fue-

558 3291 862 3351 vehemens;
890 3292 1106 3341 Crassus
1130 3307 1253 3341 vero
1273 3291 1477 3342 facetus
1500 3294 1615 3344 Col·
1698 3303 1822 3345 runt
1850 3296 1945 3344 loti
1976 3297 2191 3359 parvula
2210 3310 2464 3345 ramorum
2487 3298 2751 3361 opacitate

556 3369 728 3431 legam
752 3380 895 3428 saepe
906 3368 1048 3429 jocis
1068 3368 1399 3430 perstrinxit,
1418 3374 1474 3417 ut
1493 3382 1617 3418 auc·
1697 3372 1930 3436 laseivae,
1947 3386 2060 3436 quae
2085 3372 2338 3421 durarunt
2360 3387 2522 3437 usque
2545 3374 2610 3422 ad
2645 3373 2750 3423 Ne·

563 3450 647 3491 tor
680 3448 762 3491 est
786 3442 968 3491 Cicero
990 3442 1057 3491 de
1071 3442 1226 3492 Orat.
1249 3442 1338 3492 lib.
1358 3457 1421 3493 11.
1697 3447 1836 3497 renis
1859 3445 2118 3507 incendia,
2148 3446 2334 3509 quibus
2372 3448 2624 3496 cremavit
2664 3462 2749 3496 ur-

624 3527 649 3551 ¹¹
684 3519 934 3568 Columnas
955 3518 1257 3581 Hymettias]
1290 3519 1493 3568 Primus
1527 3520 1614 3569 ille
1697 3522 1834 3585 bern,
1855 3522 1998 3572 cultu
2022 3521 2228 3583 virides,
2231 3522 2594 3587 juvenesque!

557 3593 821 3659 peregrini
846 3593 1113 3641 marmoris
1132 3594 1394 3643 columnas
1416 3610 1506 3643 sex
1526 3596 1613 3645 ha·
1761 3597 1790 3626 *
1823 3598 1926 3647 An.
1941 3598 2018 3645 M.
2040 3601 2188 3648 8962.
2210 3595 2298 3647 01.
2322 3601 2435 3647 1⁷2.
2470 3602 2516 3647 1.
2539 3598 2666 3649 Urb.
2684 3598 2746 3647 C.

558 3672 675 3721 buit
696 3672 876 3731 longas
899 3668 1194 3717 duodenum
1219 3668 1407 3731 pedum
1428 3686 1442 3719 t
1480 3671 1614 3719 uude
1694 3676 1809 3722 661.
1833 3674 1956 3723 Ant.
1973 3673 2066 3722 Ch.
2083 3676 2166 3722 91.

554 3747 699 3796 illum
742 3745 819 3794 M.
855 3745 1054 3792 Brutus
1090 3744 1381 3793 ‘Venerem
1416 3746 1613 3796 Palati·
1755 3756 1780 3789 Ρ
1825 3748 2094 3799 Βενιηοκεηι
2149 3748 2343 3799 oblitum
2391 3749 2594 3814 Pyrrhi]
2644 3749 2749 3800 Ubi

554 3820 694 3870 nam’
710 3819 1012 3883 appellavit.
1687 3836 1902 3872 munera
1937 3838 2028 3873 sua
2074 3838 2106 3873 a
2162 3824 2410 3874 Romanis
2467 3826 2746 3888 repudiata

618 3904 642 3928 ⁰
680 3898 802 3946 Uter
822 3893 1001 3957 igitur]
1036 3895 1203 3945 Paulo
1221 3896 1373 3946 aliter
1405 3898 1607 3949 Plinius
1687 3898 1920 3963 Pyrrhus
1943 3899 2324 3963 audiit,dixisse
2346 3899 2532 3963 fertur,
2553 3901 2747 3951 nullam

551 3973 639 4022 lib.
662 3987 804 4021 xvir.
835 3973 1122 4021 ‘Utrumne
1146 3972 1303 4035 igitur
1334 3987 1431 4037 ego
1454 3975 1606 4037 sum,'
1685 3975 1956 4038 capiendas
1983 3977 2158 4025 Rornae
2183 3990 2329 4039 spem
2365 3992 2476 4027 esse
2499 3994 2518 4037 ;
2549 3978 2749 4027 Hanni·

549 4050 740 4112 inquit,
755 4049 770 4075 ‘
788 4064 963 4111 quaeso
996 4048 1213 4108 Domiti,
1234 4051 1473 4113 exemplo
1490 4066 1604 4115 gra·
1684 4049 1769 4098 bal
1795 4064 1935 4107 vero,
1958 4052 2074 4114 capi
2117 4065 2217 4101 non
2255 4065 2428 4115 posse,
2447 4052 2746 4117 priusquam

550 4126 651 4183 via,
692 4132 747 4171 et
776 4123 841 4171 ab
880 4125 995 4184 ipsa
1039 4124 1273 4177 Censura
1313 4126 1603 4174 notandus?
1636 4126 1643 4129 “
1683 4127 1806 4179 luxu
1829 4135 2123 4194 caperetur.

544 4200 629 4265 qui
673 4199 725 4247 in
770 4198 943 4261 domo,
987 4213 1102 4262 quae
1141 4200 1267 4249 mihi
1302 4200 1601 4251 haereditati
