3144 4925
512 389 644 458 506

599 549 666 614 6.
709 545 1012 612 Africani
1039 565 1308 630 quoque
1349 547 1737 630 posterioris
1773 549 2157 612 humanitas
2192 548 2503 632 speciose
2519 553 2577 596 4²
2618 549 2715 613 la·

515 660 722 735 teque
771 648 1004 731 patuit.
1095 647 1504 732 Expugnata
1547 649 1725 712 enim
1781 647 2209 731 Carthagine,
2240 650 2422 715 eirea
2460 650 2717 714 Siciliae

517 752 830 816 civitates
873 749 1112 814 literas
1143 750 1351 826 misit,
1380 755 1458 813 ut
1498 756 1891 815 ornamenta
1931 750 2332 834 templorum
2370 769 2643 814 suorum
2674 768 2717 816 a

517 850 756 918 Poenis
783 856 974 934 rapta
1003 870 1126 934 per
1152 851 1406 933 legatos
1435 858 1927 934 recuperarent,
1953 852 2161 935 inque
2196 851 2505 935 pristinis
2542 850 2717 916 sedi-

513 955 646 1020 bus
687 951 1072 1037 reponeuda
1119 959 1452 1018 curarent.
1541 951 1955 1018 Beneficium
2001 954 2159 1020 Diis
2208 956 2465 1038 pariter
2507 961 2715 1037 atque

514 1055 896 1122 bominibus
927 1061 1328 1137 acceptum*

605 1159 671 1222 7.
717 1156 904 1220 Huic
942 1155 1125 1220 facto
1156 1175 1282 1238 par
1309 1154 1615 1238 ejusdem
1642 1156 1771 1221 viri
1784 1162 1837 1203 4³
1884 1157 2317 1222 humanitas.⁰
2402 1157 2465 1222 A
2495 1177 2723 1242 quaes-

519 1265 664 1324 tore
707 1277 836 1322 suo
877 1258 1085 1322 hastae
1131 1257 1482 1341 subjectos
1520 1257 1835 1339 captivos
1879 1258 2197 1323 vendente
2244 1279 2411 1343 puer
2447 1259 2716 1324 eximiae

521 1357 758 1425 formae
779 1366 852 1423 et
877 1359 1178 1426 liberalis
1206 1358 1482 1422 habitus
1510 1357 1755 1422 missus
1786 1366 1917 1424 est.
2005 1360 2113 1425 De
2138 1379 2273 1443 quo
2292 1380 2449 1426 eum
2478 1361 2727 1444 exple-‘-

521 1468 764 1538 rasset,
811 1459 1180 1526 Numidam
1227 1479 1378 1524 esse
1421 1461 1659 1525 orbum
1701 1461 1999 1526 relictum
2033 1481 2075 1527 a
2120 1468 2327 1545 patre,
2358 1463 2725 1528 educatum

524 1563 706 1646 apud
738 1563 1142 1628 avunculum
1173 1563 1635 1642 Masinissam,
1664 1583 1747 1628 eo
1794 1564 2133 1645 ignorante
2160 1566 2575 1631 immaturam
2606 1565 2725 1628 ad-

522 1683 758 1730 versus
806 1664 1152 1730 Romanos
1201 1667 1577 1746 ingressum
1624 1666 1975 1746 militiam3
2018 1671 2087 1730 et
2135 1668 2341 1732 errori
2389 1666 2575 1732 illius
2618 1683 2729 1729 ve-

524 1767 706 1832 niam
736 1767 1046 1845 dandam,
1079 1770 1150 1831 et
1195 1767 1520 1832 amicitiae
1569 1767 1749 1848 regis
1790 1765 2147 1830 fidissimi?
2188 1767 2444 1850 populo
2475 1765 2727 1830 Roma-

525 1887 614 1940 no
643 1868 940 1934 debitam
970 1870 1464 1934 venerationem
1509 1868 1929 1932 tribuendam
1942 1875 2005 1916 44
2048 1869 2495 1934 existimavit.
2584 1867 2727 1932 Ita-

527 1989 662 2052 que
703 1989 980 2054 puerum
1027 1972 1296 2050 annulo,
1326 1972 1675 2053 fibulaque
1716 1989 1947 2047 aurea,
1978 1978 2051 2035 et
2085 1971 2315 2036 tunica
2359 1970 2727 2045 laticlavia,
2778 2022 2782 2026 .

530 2070 981 2155 Hispanoque
1013 2075 1274 2156 sagulo,
1301 2079 1368 2138 et
1396 2081 1629 2138 ornato
1656 2092 1829 2157 equo
1859 2074 2199 2151 donatum,
2217 2074 2395 2137 datis
2422 2073 2543 2155 qui
2573 2090 2729 2136 eum

530 2183 1090 2257 prosequerentur
1137 2177 1496 2260 equitibus,
1533 2177 1623 2241 ad
1674 2175 2117 2240 Masinissam
2162 2176 2497 2240 remisit.⁴⁵
2586 2173 2731 2240 Eos

1105 403 1425 452 VALERu
1477 401 1768 454 MAxml
1822 405 1963 454 1218.
2012 403 2077 454 V.

1451 2338 1570 2359 0000
1575 2337 1752 2359 oecon
1757 2338 1813 2359 ‘O

531 2429 840 2483 Perizonius
862 2433 992 2499 legit
1005 2435 1232 2500 speciosa,
1247 2452 1320 2489 sc.
1340 2436 1470 2500 fuit3
1502 2439 1707 2505 spatiose
1728 2438 1780 2489 in
1807 2435 2061 2488 nonnullis
2078 2435 2425 2487 'torrem—43
2450 2433 2539 2485 Sic
2557 2447 2735 2485 omnes

533 2496 689 2548 codd.
722 2502 779 2547 et
797 2499 925 2549 edd.
951 2506 1072 2550 ante
1109 2502 1370 2564 Pighium,
1403 2504 1489 2567 qui
1533 2505 1849 2553 sanctor-itate
1889 2503 2039 2551 nnius
2083 2502 2267 2564 Camp.
2307 2501 2581 2549 substituit
2610 2501 2734 2559 αυίξ

533 2561 780 2623 Pighinm
809 2565 976 2613 secuti
1002 2573 1122 2615 sunt
1142 2567 1315 2615 Coler.
1335 2568 1490 2630 Thys.
1513 2568 1709 2631 Delpb.
1734 2575 1789 2616 et
1811 2568 2033 2616 Torren.
2100 2565 2337 2629 Kappius
2360 2579 2483 2613 vero
2503 2572 2735 2615 nostram

533 2624 663 2674 leet.
688 2626 1067 2679 restituit.—-44
1101 2632 1225 2680 Vet.
1263 2631 1409 2680 delet
1446 2631 1893 2682 tribuendam-45
1930 2630 2135 2681 Novem
2179 2628 2330 2680 codd.
2366 2630 2582 2679 Torren.
2617 2642 2733 2678 curn

1529 2778 1747 2830 nom-2

602 2892 626 2944 ss
650 2886 752 2936 An.
776 2888 854 2939 Μ.
879 2892 1023 2939 3908.
1057 2890 1147 2942 01.
1173 2894 1284 2941 158.
1308 2894 1358 2942 3.
1391 2891 1596 2943 Urbe.
1674 2905 1875 2955 nepos3
1906 2890 1951 2939 is
1974 2890 2039 2939 ad
2063 2889 2369 2939 avunculum
2409 2901 2529 2937 cum
2562 2900 2739 2939 mune·

534 2966 648 3013 607.
680 2963 808 3013 Ant.
832 2963 927 3014 Ch.
950 2969 1062 3017 145.

600 3047 625 3072 ⁰
645 3041 871 3096 Eiusdem
881 3043 977 3091 viri
989 3042 1114 3106 [wi]
1129 3041 1422 3105 humanitas]
1441 3043 1599 3094 Hune

536 3116 784 3167 inlocum
817 3132 910 3167 seu
941 3118 1286 3180 librariorum,
1316 3134 1410 3168 seu
1439 3119 1597 3169 Vale-

537 3193 602 3242 rll
659 3192 822 3257 ipsius
876 3194 1005 3242 vitio
1069 3207 1218 3243 error
1281 3194 1596 3258 irrepserat=

537 3268 789 3331 seriptum
811 3268 949 3317 enim
973 3274 1116 3317 erat=
1161 3269 1366 3331 eiusdem
1395 3271 1490 3319 viri
1510 3270 1597 3320 ha-

536 3343 741 3394 manitas
755 3360 776 3404 ,·
809 3358 923 3408 quae
961 3345 1220 3409 scriptura
1242 3346 1363 3410 quin
1387 3360 1599 3411 eorrup-

539 3426 598 3472 ta
642 3423 729 3486 sit,
770 3421 1037 3472 dubitabit
1067 3437 1236 3486 nemo,
1271 3422 1358 3487 qni
1396 3425 1601 3475 noverit

536 3496 761 3549 necdum
799 3498 1092 3561 Scipionem
1130 3500 1460 3551 AEmilianum
1511 3514 1600 3551 na-

539 3577 649 3622 tum
706 3586 840 3632 esse,
904 3586 1020 3621 cum
1085 3574 1379 3625 Masinissoe
1433 3590 1598 3639 nepos

539 3654 726 3714 eaptus
762 3654 870 3698 est:
922 3662 1080 3712 quare
1117 3650 1333 3713 optime,
1367 3659 1426 3700 ut
1449 3652 1601 3715 solet,

540 3726 838 3775 emendavit
877 3724 1123 3787 Pighius3
1174 3728 1378 3787 ejusdem
1413 3727 1493 3775 avi
1513 3728 1600 3776 hu-

538 3802 757 3850 manitas.
820 3798 908 3848 Sic
931 3812 988 3847 se
1010 3813 1092 3848 res
1127 3799 1327 3850 habuit.
1390 3799 1603 3850 Africa·

541 3888 637 3924 nus
669 3875 856 3939 major,
882 3874 1024 3924 victo
1059 3872 1126 3923 ad
1169 3874 1429 3924 Baetulam
1465 3872 1602 3925 Has·

543 3950 780 4014 drubaie,
815 3951 951 4001 iliius
1004 3950 1191 4000 castris
1241 3953 1438 4014 potitus
1478 3958 1601 4002 est:

544 4032 703 4088 capta
755 4026 918 4075 millia
959 4026 1142 4075 decem
1186 4027 1441 4090 peditum,
1503 4028 1605 4078 duo

541 4100 807 4166 equitum3
842 4100 1063 4163 Hispani
1087 4102 1197 4151 sine
1231 4104 1402 4166 pretio
1431 4103 1608 4153 dimis-

541 4176 608 4239 si,
638 4174 759 4225 Afri
798 4173 1021 4225 venditi:
1071 4177 1206 4226 inter
1243 4192 1334 4229 eos
1364 4180 1607 4228 inventus

549 4258 631 4303 est
651 4265 783 4317 puer
801 4249 1006 4301 nomine
1028 4250 1280 4316 Massiva,
1313 4254 1605 4306 Masinissa

1676 2969 1817 3019 ribus
1837 2968 2082 3017 remissus
2100 2972 2201 3015 est.

1742 3050 1768 3085 Ρ
1792 3044 1944 3103 Regis
1962 3041 2223 3106 fidissimi]
2255 3040 2451 3091 Mirum
2485 3054 2611 3089 sane
2632 3040 2737 3089 Va-

1677 3118 1861 3168 lerium
1898 3125 2001 3168 tam
2047 3117 2275 3181 turpiter
2308 3118 2513 3179 lapsum
2548 3129 2663 3165 esse
2683 3116 2738 3165 in

1678 3208 1735 3245 re
1758 3194 1891 3245 adeo
1926 3193 2099 3243 facilit
2146 3194 2260 3258 quis
2282 3192 2420 3243 enim
2450 3192 2534 3241 vel
2552 3192 2741 3242 leviter

1676 3268 1911 3321 eruditus
1933 3269 2134 3321 neseiat
2158 3269 2488 3319 Masinissam
2518 3266 2577 3317 id
2606 3274 2741 3317 tem-

1677 3346 1816 3411 poris
1853 3346 2205 3397 Romanorum
2237 3346 2437 3395 hostem
2473 3340 2635 3393 fuisse
2666 3342 2742 3392 im

1678 3422 2067 3472 sensissimum?
2116 3422 2234 3473 Qua
2272 3418 2472 3469 ratione
2510 3416 2555 3467 is
2594 3432 2741 3467 error

1679 3496 1992 3547 dissimulari
2012 3496 2197 3559 possit,
2220 3508 2323 3545 non
2344 3494 2500 3544 video
2514 3509 2531 3543 ε
2564 3494 2649 3543 vel
2673 3491 2743 3543 de

1677 3571 1947 3634 Africano,
1979 3573 2063 3621 vei
2094 3570 2311 3633 majore,
2336 3570 2415 3618 vel
2446 3568 2645 3619 mino-re
2666 3568 2743 3617 lo-

1678 3650 1882 3713 quitur:
1926 3648 1970 3697 si
1996 3648 2059 3696 de
2083 3646 2293 3711 anjam,
2314 3645 2477 3695 bostis
2493 3649 2603 3694 tum
2624 3649 2744 3694 erat

1681 3724 1992 3784 Masinissa3
2038 3723 2083 3772 si
2126 3724 2194 3771 de
2227 3723 2444 3783 minore,
2486 3734 2589 3769 non
2624 3734 2743 3770 eon·

1682 3805 1875 3864 gruunt
1904 3805 2176 3862 tempora:
2209 3812 2309 3847 nec
2330 3798 2467 3846 enim
2492 3802 2601 3845 tum
2622 3795 2740 3845 Tri-

1682 3876 1851 3925 bunus
1871 3882 1987 3924 erat
2008 3874 2212 3938 Scipio;
2248 3874 2394 3937 enjus
2416 3885 2516 3923 non
2539 3870 2743 3935 fuisset,

1684 3950 1781 4000 sed
1800 3948 2163 4016 Imperatoris,
2185 3949 2451 4012 captivum
2477 3948 2743 3997 dimittere

1684 4026 1985 4090 Principem
2005 4041 2020 4075 ε
2042 4038 2141 4074 nee
2160 4024 2475 4087 Imperator‚
2478 4024 2591 4087 jam
2604 4017 2743 4072 enirn

1684 4112 1918 4156 mortuus
1960 4110 2078 4153 erat
2114 4100 2409 4167 Masinissa,
2457 4105 2609 4169 cujus
2650 4115 2741 4152 ex-

1687 4188 1906 4230 tremum
1930 4178 2167 4243 spiritum
2188 4177 2299 4242 ipse
2329 4177 2589 4229 Tribunus
2610 4177 2742 4229 miti-

1685 4262 1797 4306 tum
1816 4258 2110 4317 exceperat.
