3144 4925
539 394 673 462 598
1139 395 1453 456 vALumr
1503 405 1799 454 MAxrm
1850 404 1998 452 mn.
2020 405 2133 454 .v1.

539 552 930 628 fluctuabat,
963 548 1198 615 eodem
1227 557 1522 632 tempore
1567 557 1639 614 et
1666 549 2039 613 victoribus
2071 551 2140 612 et
2190 546 2374 610 iratis
2404 545 2739 631 subjecta.

539 655 851 722 Ceterum
880 672 1034 717 cum
1061 652 1388 716 auxilium
1411 652 1690 716 unicum
1712 653 1781 714 in
1805 651 2119 734 precibus
2148 657 2402 714 restare
2434 649 2731 713 animad—

541 762 894 833 verterent,
923 753 1187 837 ingenui
1215 759 1280 818 et
1305 749 1531 818 Italici
1562 752 1951 835 sanguinis*
1989 751 2305 815 oblivisci
2338 769 2472 814 non
2500 755 2741 833 potue»

541 868 716 922 runt.
805 857 1130 940 Princeps
1165 856 1340 920 enim
1382 875 1607 919 eorum
1650 855 1719 918 in
1753 853 1957 918 Curia
2003 855 2458 934 interrogatusz,
2484 856 2507 884 ‘
2530 866 2737 933 quam

539 975 816 1043 poenam
865 956 1311 1035 mererentur,’
1355 957 1727 1041 respondit,
1772 961 1793 990 ‘
1815 956 2042 1034 Quam
2090 961 2441 1030 merentur,
2490 954 2607 1035 qui
2654 971 2736 1014 se

541 1061 782 1143 dignos
811 1060 1123 1124 libertate
1145 1057 1494 1142 judicant?
1578 1056 1826 1122 Verbis
1866 1077 2051 1122 arma
2078 1060 2421 1132 sumserat,
2451 1071 2737 1136 exaspe-

539 1163 866 1244 ratosque
914 1161 1198 1225 Patrum
1253 1161 1775 1244 conscriptorum
1834 1161 2123 1223 animos·
2156 1157 2739 1222 inflammaverat.⁵

541 1259 680 1326 Sed
713 1262 1023 1328 Plautius
1047 1257 1303 1339 consul,
1333 1261 1562 1327 favens
1612 1261 2100 1324 Privernatium
2122 1257 2153 1298 ⁶
2196 1271 2448 1335 causae,
2478 1275 2737 1339 regres-

541 1383 691 1428 sum
719 1364 1025 1427 animoso
1055 1363 1202 1446 ejus
1233 1363 1418 1426 dicto
1443 1361 1715 1439 obtulit,
1738 1362 2210 1444 quaesivitque,
2244 1365 2263 1394 ‘
2286 1362 2548 1443 qualem
2578 1374 2734 1422 cum

537 1464 640 1528 eis
673 1464 972 1530 Romani
998 1484 1242 1548 pacem
1268 1465 1561 1528 habituri
1584 1471 1801 1528 essent
1828 1463 2223 1546 impunitate
2250 1461 2550 1526 donata.’
2636 1454 2738 1524 At

537 1565 598 1630 is
630 1567 1183 1631 constantissimo
1213 1567 1431 1643 vultu,
1463 1570 1482 1602 ‘
1507 1565 1582 1630 Si
1612 1567 1857 1629 bonam
1887 1563 2248 1642 dederitiS,’
2270 1567 2511 1648 inquit,
2540 1568 2563 1598 ‘
2586 1581 2734 1648 per-

534 1674 847 1750 petuam:
895 1668 956 1732 si
985 1669 1251 1747 malam,
1281 1687 1415 1731 non
1443 1665 1873 1731 diuturnam?
1893 1673 1921 1714 ⁷
1988 1665 2147 1744 Qua
2174 1686 2341 1731 voce
2363 1657 2733 1749 perfectum

538 1775 663 1847 est,
693 1775 768 1834 ut
797 1769 996 1835 victis
1023 1788 1158 1834 non
1212 1769 1434 1834 solum
1455 1769 1681 1846 venia,
1716 1768 1838 1832 sed
1871 1767 2079 1832 etiam
2096 1766 2215 1851 jus
2232 1773 2315 1832 et
2340 1767 2735 1832 beneficium

533 1876 780 1936 nostrae
809 1873 1104 1937 civitatis
1133 1871 1447 1936 daretur!

619 1971 686 2040 2,
735 1973 851 2037 Sic
881 1973 950 2038 in
981 1978 1213 2037 senatu
1238 1971 1595 2040 Privernas
1626 1969 1807 2052 loqui
1824 1987 2039 2036 ,ausus
2070 1975 2225 2034 est.-
2269 1968 2347 2034 L.
2378 1985 2537 2034 vero
2568 1966 2737 2034 Phri-

534 2070 810 2156 lippusb
853 2075 1093 2140 consul
1121 2075 1444 2148 adversus
1473 2071 1758 2136 eundem
1804 2073 2098 2136 ordinem
2141 2072 2516 2136 libertatem
2543 2091 2733 2135 exer-

535 2187 684 2260 cere
710 2196 846 2241 non
898 2164 1255 2242 dubitavit.
1346 2175 1528 2240 Nam
1567 2175 1913 2256 segnitiem
1960 2194 2081 2258 pro
2124 2173 2397 2238 Rostris
2420 2181 2443 2208 ⁰
2486 2191 2733 2255 expro-

533 2276 756 2356 brans,
781 2283 804 2313 ‘
823 2279 956 2344 alio
977 2278 1107 2342 sibi
1137 2284 1374 2344 senatu
1404 2295 1583 2361 opus
1614 2295 1767 2341 esse
1784 2275 1802 2302 '
1833 2277 2043 2342 dixit:
2086 2283 2483 2359 tantumque
2512 2295 2557 2339 a
2577 2295 2733 2359 poe-

1451 2448 1813 2475 eoeubeoe'eoo

529 2556 668 2610 vide
690 2558 780 2611 lib.
805 2571 891 2612 ιη.
915 2564 964 2612 2.
987 2556 1250 2612 initio.--4
1271 2557 1360 2612 Sic
1383 2560 1650 2611 revocavit
1672 2562 1887 2611 Torren.
1912 2574 2028 2608 cum
2052 2564 2172 2608 ante
2194 2574 2227 2607 a
2242 2558 2433 2621 Pighio
2454 2558 2729 2609 ederetur:

526 2623 736 2686 ingeniti
767 2626 930 2675 Italici
955 2626 1220 2689 sanguinis,
1255 2627 1390 2690 quod
1417 2627 1586 2675 Pulm.
1622 2626 1736 2675 Sus.
1762 2632 1818 2674 et
1839 2624 2045 2673 Winck.
2073 2624 2284 2674 habent.
2350 2624 2551 2673 Novem
2575 2624 2728 2674 codd.

527 2686 725 2751 ingen&
747 2695 796 2739 et
815 2691 1010 2747 Italic-53
1042 2692 1150 2741 Bit.
1192 2706 1295 2741 sec.
1337 2705 1452 2739 cum
1484 2690 1637 2740 Harl.
1668 2696 1713 2739 el
1746 2691 1942 2751 ingemet·
1964 2694 2013 2737 et
2046 2688 2243 2744 Italici,·
2278 2695 2496 2753 uterque
2530 2688 2727 2751 Ultraj.

531 2764 648 2803 eum
673 2754 822 2803 Leid.
854 2756 1038 2817 quinto
1063 2762 1118 2804 et
1141 2756 1284 2819 Mog.
1309 2755 1493 2815 ingenii
1511 2760 1558 2803 et
1582 2754 1761 2803 Italici.
1806 2753 1966 2803 Barb.
1990 2754 2142 2815 prim.
2166 2752 2390 2812 ingeniti,
2414 2759 2471 2800 et
2497 2764 2591 2814 pro
2614 2767 2664 2799 v.
2690 2754 2727 2803 Ι.

527 2817 739 2878 ingenui.
824 2819 992 2868 Recte
1039 2819 1152 2882 jam
1209 2820 1466 2881 ingenuum
1506 2819 1785 2880 sanguinem
1838 2818 2118 2866 vindicavit
2158 2816 2583 2865 PerizoniuSe-—o'
2638 2816 2727 2866 src

528 2880 744 2943 Pighius
767 2896 834 2931 ex
856 2884 986 2932 Μεε.
1011 2884 1262 2944 restituit,
1295 2898 1410 2933 cum
1435 2881 1603 2933 Aldus
1628 2882 2107 2937 edidissem-Quam
2134 2886 2391 2942 merentur,
2420 2882 2502 2945 qui
2536 2894 2641 2929 cum
2675 2896 2728 2931 u

505 2944 748 2995 'libertate
769 2946 938 3007 dignos
961 2946 1254 3010 judicarent,
1289 2961 1422 2996 arma
1441 2950 1724 2997 sumserunt.
1792 2948 2111 3008 Exasperatos
2139 2951 2330 3007 patrum
2360 2944 2729 3007 conscriptorum

523 3010 705 3059 animos
731 3012 887 3061 verbis
909 3010 1302 3074 inflammaverat.
1385 3011 1454 3059 Et
1489 3012 1566 3060 sie
1592 3012 1756 3060 'etiam
1788 3012 1983 3059 Brund.
2012 3015 2056 3059 1.
2078 3015 2127 3059 2.
2152 3010 2261 3059 alii.
2320 3006 2539 3071 Aliquot
2568 3000 2722 3061 codd.

523 3074 742 3122 Torren.
776 3075 967 3124 habent
985 3076 1261 3136 ,iudicarent
1274 3091 1294 3133 ,-
1323 3074 1520 3137 Ultraj.
1548 3080 1595 3124 1.
1630 3079 1679 3123 2.
1701 3074 1981 3136 judicarunt
1994 3088 2015 3130 ,·
2049 3074 2214 3123 Bitur.
2237 3076 2285 3122 1.
2308 3080 2365 3121 et
2388 3073 2531 3123 Leid.
2563 3075 2615 3121 4.
2637 3074 2723 3135 ju-

522 3136 762 3186 dicarint.-
797 3153 976 3188 omnes
1011 3147 1208 3202 praeter
1239 3138 1401 3187 Barb.
1427 3142 1473 3188 1.
1498 3145 1552 3188 et
1577 3139 1774 3188 Medic.
1798 3143 1847 3187 2.
1883 3138 2055 3187 delent
2079 3152 2185 3187 cum
2216 3138 2350 3201 quod
2371 3145 2452 3185 est
2474 3137 2525 3184 in
2548 3138 2721 3201 vulgg.

524 3198 591 3247 In
630 3201 840 3267 reliquis
879 3218 995 3251 cum
1037 3204 1211 3265 vulgg.
1245 3204 1580 3253 con-sentiunt
1620 3203 1765 3251 Harl.
1802 3203 1972 3251 Bitur.
2010 3206 2061 3251 2.
2106 3202 2266 3265 Barb.
2293 3206 2339 3249 1.
2392 3200 2576 3251 Leidd.
2599 3206 2723 3252 25.

524 3262 716 3327 Ultraj.
756 3270 804 3315 1.
843 3270 892 3315 2.
927 3265 1020 3315 sed
1055 3266 1248 3330 Ultraj.
1288 3273 1333 3318 1.
1367 3267 1542 3329 habet,
1575 3272 1876 3330 exasperatos
1908 3279 2110 3329 quoque:
2152 3266 2340 3329 copes,
2386 3273 2441 3316 et
2482 3266 2723 3327 Perizoq.

521 3328 677 3377 verbis
695 3334 860 3379 contra
879 3344 991 3394 quos
1010 3345 1144 3380 arma
1165 3337 1459 3395 sumpserant
1471 3347 1492 3389 ;
1523 3331 1672 3381 Leid.
1694 3336 1743 3381 4.
1781 3332 1934 3379 verbis
1969 3346 2105 3380 arma
2139 3334 2463 3393 sumpserunt,-
2497 3328 2645 3379 Leid.
2670 3337 2718 3381 5.

524 3398 582 3441 et
620 3393 792 3444 Bitur.
829 3399 875 3443 1.
907 3395 1039 3445 urln's
1059 3411 1193 3445 arma
1214 3402 1524 3459 sumpserant.
1591 3396 1764 3459 Pighii
1800 3396 1926 3444 lect.
1965 3395 2118 3443 valde
2158 3394 2381 3458 probant
2415 3396 2631 3443 Torreu.
2666 3402 2723 3443 et

522 3454 799 3520 Kupp.—6
832 3457 1051 3524 Aliquot
1089 3460 1240 3509 codd.
1282 3462 1731 3509 Privernatium—⁷
1764 3459 1933 3509 Bitur.
1977 3463 2022 3506 1.
2062 3460 2351 3515 diuturnam,
2386 3466 2440 3507 et
2482 3472 2575 3521 pro
2612 3474 2661 3508 v.
2685 3460 2721 3508 1.

519 3522 797 3572 duracmum
813 3538 835 3582 ,·
867 3523 1008 3573 idem
1045 3524 1186 3574 delet
1215 3526 1460 3575 dederitis.
1528 3524 1711 3573 Verba
1738 3524 1925 3588 quibus
1948 3522 2164 3585 Pighius
2186 3536 2403 3586 sequens
2426 3524 2721 3587 exemplum

1509 3656 1556 3705 N
1565 3654 1725 3705 0¹1·AE

581 3767 613 3797 ⁴*
647 3768 746 3820 Au.
771 3770 847 3821 M.
865 3774 1010 3823 3725.
1037 3770 1125 3822 01.
1141 3777 1254 3823 112.
1277 3777 1326 3823 4.
1349 3764 1476 3823 urb.
1513 3774 1572 3823 C.
1656 3769 1871 3824 totidem
1896 3788 1961 3823 ex
1987 3773 2231 3838 Equestri
2250 3774 2451 3823 Ordine
2468 3774 2719 3828 adderen-

513 3848 630 3897 424.
650 3846 779 3897 Ant.
802 3847 898 3897 Ch.
921 3852 1037 3898 328.
1656 3857 1771 3900 tur:
1804 3850 1877 3912 id,
1908 3864 2023 3900 cum
2042 3852 2268 3899 Senatus
2284 3852 2449 3900 omnis
2471 3864 2611 3915 aegre
2634 3858 2720 3902 tu·-

580 3920 604 3955 2’
635 3922 697 3971 L.
717 3938 824 3972 vero
850 3924 1119 3987 Philippus]
1153 3925 1233 3973 Ex
1255 3928 1410 3987 gente
1432 3924 1575 3973 Mar·
1654 3926 1736 3987 lit,
1779 3934 1887 3976 tum
1926 3926 2149 3975 maxime
2182 3927 2377 3975 Consul
2422 3927 2716 3991 Philippus,

515 3995 596 4045 eia
617 3997 807 4046 Consul
825 4013 942 4048 cum
967 3998 1087 4049 Sex.
1106 4000 1248 4050 Julio
1271 4001 1494 4050 caesare.
1653 4000 1737 4067 q'ni
1769 4002 1946 4051 multis
1969 4002 2035 4051 de
2062 4001 2231 4049 causis
2273 4003 2450 4053 Druso
2480 4002 2713 4053 infensus

580 4078 604 4105 ⁶
636 4073 995 4140 Segnitiempro
1017 4076 1231 4141 Rostris]
1245 4077 1572 4127 Drusus'l'ri·
1650 4084 1801 4139 erat3
1834 4077 2056 4141 ideoque
2096 4076 2149 4125 in
2186 4076 2457 4139 Senatum,
2490 4078 2627 4143 quod
2657 4078 2715 4128 id

515 4147 684 4197 hunus
728 4150 896 4213 plebis
936 4152 1105 4215 legem
1143 4154 1352 4214 tulerat,
1395 4161 1451 4202 nt
1503 4153 1571 4203 nd
1650 4159 1945 4217 pateretur,
1960 4152 2152 4207 acriter
2183 4150 2421 4201 invectus
2444 4160 2569 4203 est.-

519 4230 804 4289 trecentos,
835 4225 924 4291 qui
961 4233 1070 4279 tum
1106 4235 1256 4279 erant
1277 4228 1572 4291 Senatores,
