3144 4925
539 373 674 438 620
1131 383 1443 434 vAnnan
1493 383 1781 432 nuxnss
1833 383 1979 433 un.
2027 385 2125 431 Vl.

542 530 812 605 Annius
840 537 1064 596 nutem
1083 537 1114 578 ⁴
1133 537 1160 567 ⁸
1220 526 1609 611 campanus
1634 528 1841 622 etiam
1880 529 2232 594 consulem
2280 529 2565 597 alterum
2596 529 2729 598 Ca·

545 653 703 716 puae
737 634 943 697 creari
971 632 1214 696 debere
1261 631 1727 696 asseverabat:
1772 632 1875 694 sic
1914 637 2231 695 contusus
2279 639 2349 695 et
2382 652 2557 714 aeger
2587 631 2733 702 Ro-

543 735 726 799 mani
777 734 1038 817 imperii
1093 733 1366 815 spiritus
1421 739 1585 795 erat.
1698 732 1892 796 Tunc
1942 732 2238 796 Manlius
2288 731 2734 816 Torquatus,¹’

541 835 718 900 filius
751 837 917 920 ejuS,
948 835 1062 918 qui
1093 834 1373 898 Latinos
1402 833 1587 916 apud
1620 831 1917 898 Veserim
1936 841 1961 880 ⁵
2004 835 2264 916 inclyta
2289 855 2515 917 pugna
2539 834 2730 898 fude-

541 943 666 1013 rat,
708 957 909 1018 quam
941 941 1224 1019 poterat,
1274 935 1459 999 clara
1487 955 1659 1000 voce
1710 937 2151 1013 denuntiavit,
2198 940 2219 969 ‘
2238 938 2301 1000 si
2348 938 2505 1020 quis
2550 936 2729 1002 soci-

543 1057 734 1102 orum
791 1039 960 1102 inter
1017 1037 1262 1101 Patres
1323 1038 1743 1120 conscriptos
1798 1038 2193 1102 sententiam
2252 1038 2469 1103 dicere
2516 1057 2726 1103 ausus
2800 1110 2809 1115 ,

541 1145 744 1214 esset,
793 1139 1106 1202 continuo
1155 1158 1304 1202 eum
1349 1128 1424 1201 se
1471 1138 2004 1204 interemturum.’
2093 1139 2164 1200 H
2170 1159 2227 1202 ee
2276 1141 2469 1203 unius
2502 1140 2724 1217 minae,

540 1248 610 1304 et
667 1239 1112 1304 Romanorum
1172 1239 1641 1320 languentibus
1698 1241 1939 1302 animis
2011 1240 2295 1304 calorem
2366 1241 2725 1322 pristinum

536 1340 986 1416 reddiderunt,
1016 1347 1084 1402 et
1115 1339 1382 1403 Italiam
1413 1341 1500 1404 ad
1514 1341 1629 1424 jus
1659 1341 1952 1404 civitatis
1980 1341 2333 1404 nobiscum
2359 1360 2725 1423 exsequan-

540 1442 698 1504 dum
718 1439 746 1479 ⁶
790 1459 1184 1520 consurgere
1214 1459 1442 1522 passae
1471 1460 1604 1504 non
1629 1448 1822 1505 sunt:
1854 1461 2138 1524 namque
2169 1447 2241 1504 ut
2258 1443 2469 1524 patris
2500 1444 2723 1520 armiS,

533 1545 632 1610 ita
661 1542 884 1606 verbis
913 1541 1078 1604 filii⁷
1118 1541 1328 1606 fracta
1355 1534 1622 1606 cessit?

621 1643 760 1708 Par
785 1642 968 1706 illius
997 1661 1265 1726 quoque
1287 1642 1312 1680 ⁸
1361 1643 1605 1706 Manlii
1637 1643 1946 1723 gravitas,
1978 1629 2089 1706 cui
2140 1662 2292 1706 cum
2332 1643 2721 1708 consulatus

536 1745 827 1809 omnium
886 1764 1214 1808 consensu
1272 1743 1663 1820 deferretur,
1716 1762 1997 1825 eumque
2056 1745 2182 1806 sub
2247 1745 2722 1808 excusatione⁰

533 1846 829 1910 adversae
858 1846 1266 1911 valetudinis
1315 1846 1660 1910 oculorum
1706 1851 2067 1920 recusaret,
2093 1845 2494 1908 instantibus
2523 1863 2725 1912 cunc-

532 1949 640 2022 tis,
688 1945 1012 2024 ‘Alium,’
1072 1947 1316 2030 inquit,
1384 1945 1751 2024 ‘QuiriteS,
1812 1945 2119 2026 quaerite,
2174 1945 2261 2010 ad
2306 1965 2505 2026 quem
2550 1946 2723 2010 hunc

531 2048 846 2114 honorem
876 2049 1304 2112 transferatis·
1395 2046 1575 2109 Nam
1623 2046 1680 2108 si
1731 2065 1839 2108 me
1872 2065 2099 2126 gerere
2146 2065 2295 2109 eum
2345 2045 2721 2128 coegeritis,

529 2167 656 2212 nec
686 2169 812 2232 ego
843 2169 1066 2214 mores
1095 2155 1353 2224 vestros
1397 2148 1593 2225 ferre,
1636 2167 1760 2212 nec
1795 2167 1915 2212 vos
1944 2167 2163 2212 meum
2196 2149 2547 2232 imperium
2574 2167 2719 2232 per-

531 2423 628 2469 —4
663 2417 748 2468 Ita
771 2418 822 2467 ln
845 2409 1068 2483 antiquis
1093 2413 1229 2481 typis
1251 2416 1528 2480 expressis,
1562 2423 1618 2466 et
1641 2425 1859 2482 utroque
1893 2417 2048 2466 etiam
2083 2418 2275 2468 Brand.
2310 2418 2423 2468 haec
2458 2419 2719 2483 leguntur.

531 2485 606 2537 At
630 2484 844 2547 Pighius
868 2481 1145 2544 legendnm
1167 2489 1382 2532 censet:
1425 2482 1490 2531 Ut
1512 2482 1702 2533 Annius
1730 2483 1862 2540 olim,
1894 2484 2123 2544 Campani
2156 2485 2299 2532 etiam
2338 2488 2569 2533 consulem
2600 2488 2719 2535 σιμ

529 2564 636 2597 rum
663 2550 838 2611 Capuae
859 2548 1015 2597 creari
1037 2548 1200 2595 debere
1225 2547 1565 2595 asseverabant.
1635 2546 1912 2607 Nimirum,
1946 2560 2010 2593 ne
2034 2548 2244 2595 Valerio
2281 2548 2412 2597 ullus
2448 2564 2593 2597 error
2631 2557 2722 2599 aut

528 2610 774 2675 ᾅμέρ-ι-ημα
789 2609 1066 2672 μνημονικὸν
1086 2611 1474 2673 impingeretur,
1506 2610 1745 2657 librarios
1770 2611 2152 2672 corruptionem
2180 2611 2364 2660 fecisse
2388 2613 2720 2661 statuendum

527 2678 628 2739 ipsi
655 2678 817 2725 visum
840 2676 959 2725 fuit.
1026 2677 1042 2703 ‘
1063 2675 1210 2723 Utin
1236 2675 1428 2723 Brund.
1465 2674 1679 2735 legitur,
1712 2675 1787 2725 its
1826 2689 2035 2737 quoque
2059 2684 2211 2725 extat
2246 2676 2295 2725 in
2329 2676 2537 2727 nostris.
2603 2678 2723 2727 Nisi

527 2740 665 2801 quod
691 2742 891 2789 variant
912 2739 1139 2787 nonnihil
1164 2740 1214 2786 in
1249 2738 1452 2787 nomine
1485 2738 1761 2787 scribendo
1782 2738 1958 2796 Anius,
1992 2738 2212 2799 Amnius,
2248 2740 2467 2800 Aonium,
2503 2741 2722 2791 Annius.-

503 2806 678 2868 -Mog.
701 2805 882 2854 Anius:
916 2804 1158 2853 Perizon.
1195 2802 1468 2863 ascripsit:
1501 2802 1664 2863 ‘Cop.
1694 2803 1880 2850 Annius
1914 2806 2071 2850 autem
2096 2802 2381 2865 Campanus,
2415 2812 2469 2854 et
2506 2806 2577 2853 sic
2610 2820 2719 2854 om·-

529 2869 659 2918 nes!
725 2870 927 2917 Falsum
953 2873 1010 2916 et
1039 2865 1173 2917 hoc!
1212 2867 1500 2915 Turrem—5
1538 2866 1671 2915 Edd.
1706 2874 1832 2915 vett.
1852 2866 1995 2930 filius
2030 2866 2130 2927 qius
2168 2868 2249 2929 qui
2288 2868 2341 2918 L.
2384 2871 2447 2918 ad
2484 2869 2723 2919 Veserim.-

526 2933 680 2996 Pigh.
706 2934 838 2995 legit
859 2932 1027 2994 stirpis
1047 2930 1146 2991 ejus
1166 2932 1248 2994 qui
1276 2932 1335 2979 L.
1355 2932 1498 2995 apud,
1520 2932 1601 2992 ξε.
1628 2938 1811 2977 contra
1834 2944 2010 2977 omnes
2036 2930 2189 2978 codd.
2237 2931 2487 2981 Vesuvium
2512 2933 2722 2997 fluvium

525 2996 745 3046 Medici.
768 3001 817 3046 3.
853 3004 909 3046 et
947 2996 1021 3045 sic
1046 2994 1360 3057 Theophilus
1394 3009 1458 3042 ex
1497 2994 1725 3057 antiquis
1767 2993 2027 3042 tibrim—6
2060 2994 2147 3043 Itu
2181 2995 2397 3057 Pighius
2435 3012 2503 3045 ex
2535 2996 2720 3045 Atreb-

528 3060 739 3111 Gembl.
765 3062 876 3109 aliis
896 3075 910 3120 ;
946 3060 1019 3109 ita
1082 3072 1246 3123 uoque
1268 3058 1460 3123 Ultraj.
1483 3064 1530 3109 1.
1551 3062 1599 3109 2.
1623 3057 1805 3107 Leidd.
1831 3063 1875 3105 1.
1894 3062 1942 3109 8.
1961 3062 2009 3107 4.
2028 3064 2137 3107 5.8.
2162 3066 2217 3108 et
2242 3060 2382 3122 Mog.
2402 3063 2720 3123 exequendum

524 3125 689 3173 ceteri
714 3124 864 3172 codd.
888 3139 1004 3173 cum
1076 3130 1148 3171 et.
1173 3128 1228 3170 et
1250 3123 1362 3170 aliis
1383 3122 1599 3170 edd.--'7
1633 3122 1719 3169 Ita
1741 3136 1917 3169 omnes
1934 3120 2088 3171 codd.
2104 3124 2317 3173 Torren.
2360 3124 2575 3185 Pighius
2595 3139 2717 3173 vero

525 3186 785 3237 ediderat:
829 3192 882 3237 ut
901 3186 1060 3250 populi
1086 3186 1286 3237 Romani
1307 3186 1471 3248 armis,
1491 3186 1564 3233 itu
1584 3186 1738 3235 verbis
1758 3185 1907 3243 illius,
1930 3187 2066 3249 quod
2092 3188 2142 3235 in
2170 3188 2350 3251 Camp.
2368 3203 2525 3252 supra
2541 3203 2717 3237 vocem

510 3252 619 3315 fitia·
641 3259 942 3303 annotatum
977 3257 1182 3299 extaret
1219 3249 1464 3298 illium—8
1497 3250 1601 3297 Par
1631 3249 1833 3309 <jusdem
1868 3265 2043 3313 quoque
2076 3251 2289 3315 Pighius
2321 3264 2505 3301 contra
2542 3266 2717 3301 omnes

1514 3406 1727 3455 NOTAE
1756 3424 1767 3429 ·

585 3541 612 3567 ⁸
641 3534 832 3583 Annius
877 3538 1034 3583 autem
1086 3535 1187 3598 [Ut
1223 3534 1410 3583 Annius
1444 3533 1579 3595 olim]
1661 3550 1815 3599 supra
1834 3536 2049 3600 egimus.

522 3612 738 3675 Optime
772 3611 906 3659 hinne
948 3611 1134 3672 locum,
1169 3618 1226 3659 nt
1265 3611 1364 3660 alia
1398 3612 1578 3672 multa,
1724 3612 1754 3643 ¹⁸
1780 3610 1873 3660 An.
1896 3613 1973 3660 M.
1998 3616 2143 3663 58³8.
2171 3613 2260 3664 01.
2284 3617 2400 3663 141.
2419 3619 2468 3665 1.
2500 3613 2631 3664 Urb.
2656 3614 2717 3666 C.

522 3687 821 3737 emendavit
865 3686 1114 3751 Pighius:
1149 3700 1247 3735 nec
1281 3686 1414 3733 enim
1451 3693 1579 3735 tem·
1660 3690 1777 3735 53⁷.
1814 3686 1937 3739 Ant.
1960 3689 2053 3738 Ch.
2072 3694 2187 3739 215.

524 3778 650 3825 pore
685 3762 808 3811 bem
841 3762 1029 3811 Punici
1063 3762 1276 3811 secundi
1310 3762 1440 3811 vixit
1469 3760 1579 3811 An·
1722 3769 1745 3796 ⁰
1777 3764 1987 3827 Eumque
2007 3766 2093 3819 sub
2115 3766 2434 3831 excusatione]
2455 3766 2531 3817 Ut
2548 3781 2605 3817 se
2628 3782 2717 3817 au.-

518 3838 635 3887 nius
668 3837 779 3899 ille,
818 3836 910 3885 sed
951 3852 1084 3886 anno
1129 3837 1285 3887 Urbis
1322 3842 1438 3889 418.
1476 3854 1578 3902 quo
1663 3838 1796 3889 divit
1838 3849 2068 3890 creatum
2126 3843 2421 3905 Consulem,
2468 3844 2715 3893 continuo

521 3915 675 3975 petiit
714 3922 772 3962 ut
805 3914 1076 3965 Consulum
1113 3915 1254 3962 alter
1285 3922 1341 3963 et
1371 3914 1584 3967 dimidia
1662 3924 1958 3967 revocatum
2006 3919 2248 3980 populum
2288 3918 2337 3966 in
2376 3917 2619 3981 suffragia
2641 3930 2717 3966 re-

520 4002 644 4050 para
663 3989 886 4037 Senatus
907 4003 972 4037 ex
999 3989 1148 4038 Latio
1170 3998 1452 4041 crearetur.
1663 3989 1775 4038 dire
1789 3992 1975 4053 jubet3
2000 3993 2227 4055 aliosque
2248 3995 2415 4042 creari
2434 3994 2682 4042 Consules
2698 4010 2715 4044 t

583 4060 608 4097 Β
641 4064 852 4113 Manlius
914 4064 1201 4127 Torquatus]
1278 4064 1444 4125 Illius,
1489 4066 1581 4129 qni
1662 4066 1787 4114 lecti
1810 4074 1927 4114 snm
1955 4067 2031 4115 M.
2056 4066 2294 4117 Valerius
2324 4068 2551 4117 Levinns
2574 4082 2635 4119 11.
2656 4075 2714 4117 et

517 4136 732 4187 Latinos
751 4139 816 4187 ad
834 4140 1070 4188 Veserim
1090 4140 1232 4202 vicit,
1262 4154 1422 4203 nepos
1447 4138 1578 4201 fuit3
1660 4141 1737 4193 M.
1762 4142 2041 4193 Marcellus
2065 4154 2142 4193 xv.

519 4214 697 4279 bisque
753 4213 964 4264 Consul.
1029 4216 1120 4265 De
1157 4231 1218 4266 ea
1259 4230 1436 4279 pugna
1463 4216 1599 4281 jam·
