3144 4925
1054 411 1215 458 cAP.
1244 411 1340 458 vl.
1392 411 1485 458 nn
1520 407 1920 461 Paneiou.
2453 395 2582 461 86⁶7

1299 687 1505 752 CAP.
1551 687 1679 754 VI.

1164 897 1295 960 DE
1338 895 1828 962 PERFIDIA.

441 1081 467 1126 1
502 1078 563 1126 Τ.
584 1075 727 1126 Tatii
742 1075 1043 1125 Sabinorum
1068 1077 1215 1139 regis.
1860 1091 2264 1132 nxmnnonum.

440 1145 473 1189 2
504 1141 615 1190 Ser.
638 1139 847 1202 Sulpicii
868 1139 1049 1189 Galbae
1076 1148 1227 1202 prat.
1859 1176 1870 1188 .
2022 1177 2034 1190 .

406 1207 411 1213 ‘
442 1207 473 1251 3
509 1203 605 1253 Cn.
625 1203 841 1252 Domitii
866 1202 1194 1253 Ahenobarbi
1223 1218 1424 1268 procos.
1566 1180 1600 1288 ἒ
1633 1175 2142 1290 ἓωὼὲξῗέίεὲξωῳ·

443 1270 476 1315 4
509 1267 575 1319 Q.
596 1267 799 1316 Servilii
820 1267 1077 1331 Caepionis
1099 1269 1216 1318 cos.
1691 1254 1806 1291 ω·
1843 1254 1872 1289 ⁸
1895 1255 1938 1290 ¹⁵
2007 1254 2125 1290 ‘²¹²¹-

499 1446 707 1509 Occu
719 1461 921 1509 LTUM
957 1445 1102 1527 ,iam
1146 1453 1219 1510 et
1244 1445 1635 1510 insidiosum
1679 1447 1954 1523 malum,
1985 1446 2285 1531 perfidia,
2318 1449 2592 1513 latebris

414 1544 557 1610 suis
601 1545 1001 1610 extrahatur.
1033 1580 1039 1590 ·
1089 1545 1301 1630 Cujus
1354 1544 1842 1610 efficacissimae
1893 1549 2072 1612 vires
2125 1553 2281 1612 sunt
2307 1548 2592 1623 mentiri,

414 1665 497 1710 ac
524 1644 788 1710 fallere:
830 1645 1082 1710 fructus
1111 1645 1181 1706 in
1198 1645 1433 1726 -aliquo
1461 1644 1752 1708 admisso
1783 1646 2034 1710 scelere
2069 1647 2407 1710 consistit:
2453 1651 2597 1720 tuin

414 1750 657 1822 εει-ωε,
717 1765 865 1810 cum
925 1745 1373 1809 credulitatem
1398 1752 1418 1782 ¹
1464 1744 1735 1808 nefariis
1782 1745 2066 1810 vinculis
2117 1744 2598 1809 circumdedit:

418 1849 673 1909 tantum
700 1844 1102 1908 incommodi
1133 1843 1425 1906 humano
1470 1845 1682 1924 generi
1727 1843 2029 1920 afferenS,
2061 1857 2382 1926 quantum
2415 1846 2602 1909 salu-

415 1945 507 2007 tis
534 1945 717 2008 bona
738 1942 908 2007 fides
938 1949 1237 2026 praestat.
1328 1941 1598 2005 Habeat
1621 1943 1820 2022 igitur
1843 1961 1976 2007 non
2005 1944 2222 2007 minus
2252 1945 2597 2026 reprehen-

419 2045 645 2119 sioniS,
679 2063 879 2126 quam
904 2044 1021 2108 illa
1046 2042 1265 2106 laudis
1293 2042 1752 2124 consequitur.

505 2144 568 2206 1.
615 2141 903 2207 Romulo
932 2149 1245 2225 regnante
1294 2142 1414 2225 Sp.
1446 2143 1777 2224 Tarpeius
1819 2142 1954 2207 arci
2004 2152 2305 2225 praeerat.
2394 2142 2608 2226 Cujus

420 2243 624 2306 filiam
651 2243 965 2322 virginem
1015 2262 1255 2325 aquam
1300 2243 1508 2305 sacris
1552 2244 1842 2324 petitum
1887 2250 2082 2307 extra
2117 2245 2363 2308 moenia
2393 2264 2612 2326 egres-

422 2361 591 2418 sam,
618 2341 881 2416 TatiuS,
910 2347 986 2404 ut
1016 2347 1307 2404 armatos
1338 2341 1626 2404 Sabinos
1653 2343 1724 2404 in
1753 2361 1972 2404 arcem
2001 2361 2230 2405 seeum
2261 2345 2610 2424 reciperet,

424 2442 739 2523 corrupit,
760 2439 1083 2505 mercedis
1110 2441 1372 2504 nomine
1398 2443 1694 2521 pactam,
1717 2460 1868 2523 quae
1898 2439 1967 2503 in
1987 2440 2278 2504 sinistris
2307 2443 2613 2507 manibus

426 2542 757 2623 gerebant.
844 2540 1047 2607 Erant
1093 2547 1321 2606 autem
1349 2538 1453 2602 his
1483 2541 1810 2617 armillae,⁸
1849 2547 1915 2605 et
1967 2541 2192 2603 annuli
2238 2559 2482 2623 magno
2521 2558 2615 2621 ex

426 2640 718 2722 pondere
760 2639 929 2705 auri.
1014 2639 1199 2703 Loco
1252 2638 1534 2720 potitum
1579 2658 1811 2719 agmen
1855 2638 2252 2702 Sabinorum
2298 2640 2615 2720 puellam,

428 2741 778 2821 praemium
806 2739 1241 2820 flagitantem,
1272 2736 1473 2801 armis
1499 2737 1809 2801 obrutam
1836 2738 2137 2817 necavit3
2158 2738 2430 2820 perinde
2452 2760 2622 2821 qua-

434 2840 494 2902 si
535 2841 954 2922 promissum,
1002 2838 1185 2921 quod
1232 2856 1314 2900 ea
1359 2854 1636 2919 quoque
1679 2836 1872 2903 laevis
1912 2844 2354 2919 gestaverant,
2401 2840 2623 2903 solve-

434 2939 567 3003 rit.²
586 2933 619 2964 '¹
702 2936 910 3002 Absit
928 2938 1390 3021 reprehensio:
1435 2938 1598 3019 quia
1627 2937 1838 3021 impia
1864 2937 2164 3023 proditio
2187 2937 2388 3001 celeri
2414 2958 2625 3022 poena

441 3039 781 3103 vindicata
808 3046 939 3103 est.

522 3138 585 3201 2.
634 3137 775 3201 Ser.
806 3156 1074 3220 quoque
1100 3134 1323 3201 Galba
1342 3153 1627 3199 -summae
1651 3134 1956 3216 perfidiae
1975 3154 1994 3214 ;
2013 3132 2040 3171 ¹³
2068 3136 2266 3199 trium
2297 3135 2469 3199 enim
2487 3135 2624 3203 Lu-

1255 3258 1277 3285 .
1349 3284 1716 3311 “enectum

504 3412 533 3457 1
566 3406 654 3455 Ita
673 3419 740 3455 ex
762 3405 901 3468 conj.
922 3404 1167 3454 Perizon.
1196 3410 1253 3454 et
1290 3404 1468 3455 Coler.
1504 3402 1658 3453 codd.
1691 3414 1816 3451 vero
1849 3400 2176 3451 crudelitatem
2205 3399 2514 3449 habena—2
2543 3399 2633 3449 Sic

443 3472 580 3534 conj.
600 3471 837 3518 Perizon.
865 3476 922 3517 et
942 3483 1005 3515 ex
1028 3466 1172 3517 Leid.
1192 3471 1242 3517 6.
1272 3468 1325 3516 in
1368 3474 1571 3516 textum
1607 3466 1812 3528 recepit
1833 3464 2048 3515 Tor-ren.
2070 3464 2235 3514 ceteri
2259 3463 2412 3513 codd.
2432 3462 2635 3534 etoedd.

444 3541 573 3585 vett.
594 3533 751 3592 solvit,
772 3539 831 3580 et
865 3531 961 3580 hoc
992 3531 1116 3579 nihil
1138 3529 1278 3579 alind
1314 3537 1411 3593 est,
1433 3545 1584 3595 quam
1617 3528 1777 3589 remit,
1813 3528 1922 3576 sive
1955 3528 2167 3576 solverit.
2207 3527 2421 3588 Pighius
2443 3525 2634 3587 aliique

446 3613 561 3650 eum
584 3596 751 3645 secuti
769 3596 961 3657 nolum.
1026 3592 1159 3645 Edd.
1181 3599 1309 3643 vett.
1331 3596 1452 3659 quod
1466 3609 1540 3658 ,ea
1572 3608 1676 3661 φη
1696 3593 1729 3641 t.
1743 3595 2046 3655 gestaverant
2067 3607 2089 3650 ‚-
2119 3589 2212 3640 ned
2235 3604 2412 3653 qaoque
2441 3586 2635 3637 habent

1428 3732 1644 3781 No‘rAE

512 3851 537 3875 ⁸
559 3842 717 3890 Erant
750 3844 908 3890 autem
930 3838 1007 3887 his
1042 3838 1266 3901 armillae]
1312 3838 1500 3891 Aureis
1582 3844 1631 3887 ὅ.
1661 3836 1786 3886 Ant.
1806 3835 1900 3885 Ch.
1923 3839 2038 3884 747.

452 3918 663 3967 armillis
694 3915 747 3964 id
783 3914 1031 3976 temporis
1069 3928 1187 3963 usos
1208 3928 1319 3963 esse
1356 3912 1503 3963 Sabi·
1643 3910 1668 3944 b
1686 3910 1892 3962 Summa
1909 3907 2150 3973 perfidie]
2199 3908 2340 3969 Lege
2372 3920 2488 3969 quae
2511 3906 2640 3957 dixi·

452 4008 545 4045 nos
566 3996 723 4053 negat
744 3989 921 4037 Livius
940 4004 955 4048 ς
990 3988 1131 4051 virgo
1159 3986 1387 4051 Tarpeia
1404 3988 1503 4036 hoc
1581 4000 1695 4037 mus
1712 3984 1971 4046 superius.
2039 3982 2137 4034 Cn.
2155 3980 2416 4031 Domitius
2431 3978 2533 4031 fnit
2548 3995 2640 4043 pa·

454 4070 507 4120 ln
530 4069 641 4115 loco
659 4064 865 4127 sepulta
885 4062 1004 4111 huic
1026 4062 1131 4113 arci
1156 4076 1339 4110 nomen
1358 4060 1503 4113 fecit.
1584 4068 1666 4111 ter
1688 4059 1842 4119 illius,
1865 4057 1956 4120 qui
1987 4056 2067 4107 M.
2089 4054 2305 4106 Antonii
2333 4055 2388 4105 in
2411 4056 2642 4112 Centum

521 4140 551 4174 Ψ
584 4140 686 4193 An.
725 4139 800 4209 Μ.
824 4141 971 4191 3306.
1011 4137 1097 4187 01.
1130 4138 1180 4189 8.
1196 4140 1253 4186 41.
1292 4136 1419 4187 Urb.
1442 4135 1502 4188 C.
1586 4134 1802 4199 Collega
1822 4129 1942 4181 fuit.
