3144 4925
540 432 671 498 87⁰

543 587 897 664 Bet-onice,
927 604 1081 669 quae
1129 586 1509 650 Laodices’
1566 583 1836 650 insidiis
1871 585 2316 668 interceptum
2363 583 2496 648 sibi
2522 584 2734 649 filium

520 690 829 774 graviter
877 687 1116 765 ferens,
1162 695 1419 752 armata
1476 707 1739 750 currum
1791 685 2202 762 conscendit,
2248 691 2736 768 persecutaque

546 789 906 856 satellitem
934 789 1185 868 regium
1230 789 1529 854 crudelis
1564 788 1794 871 operis
1839 787 2238 864 ministrum,
2285 788 2555 850 nomine
2585 785 2736 850 Cae-

546 909 770 967 neum,
800 909 999 974 quem
1021 897 1073 927 ¹⁰
1100 889 1303 953 hasta
1330 890 1767 974 nequicquam
1797 887 2110 971 petierat,
2143 907 2317 952 saxo
2343 888 2555 950 ictum
2581 906 2736 969 pro-

546 991 822 1070 suavit3
868 1009 949 1054 ac
976 1008 1175 1072 super
1202 989 1349 1072 ejus
1378 1008 1626 1073 corpus
1655 988 1833 1052 actis
1861 989 2078 1072 equis,
2111 989 2278 1052 inter
2301 989 2550 1052 infesta
2575 1007 2737 1051 con-

549 1092 773 1156 trariae
826 1091 1035 1173 partis
1086 1089 1355 1171 agmina
1406 1089 1494 1153 ad
1542 1089 1835 1168 domum,
1887 1091 1960 1152 in
1991 1109 2128 1172 qua
2167 1089 2495 1156 interfecti
2545 1087 2737 1170 pueri

552 1209 795 1272 corpus
822 1189 1145 1255 occultari
1172 1191 1630 1268 arbitrabatur,
1658 1190 1998 1273 perrexit*

638 1289 704 1354 2.
748 1290 794 1354 J
799 1309 1071 1355 aeonem
1112 1289 1564 1370 Thessalum}
1600 1293 1957 1356 Persarum
2011 1291 2152 1374 regi
2199 1289 2448 1354 bellum
2498 1288 2739 1354 inferre

552 1400 920 1472 parantem,
954 1412 1041 1457 an
1078 1393 1243 1456 satis
1284 1393 1480 1476 justa
1522 1392 1690 1457 ultio
1719 1392 2142 1468 absumserit,
2193 1390 2528 1471 ambigam
2561 1389 2741 1454 sesti-

506 1511 510 1517 ·
548 1492 861 1555 nationis
889 1500 1013 1556 est.
1098 1493 1373 1558 Taxillo
1392 1503 1439 1536 ¹¹
1494 1495 1672 1560 enim
1702 1493 2228 1576 gymnasiarchae
2259 1509 2302 1554 a
2329 1490 2740 1573 quibusdam

544 1589 906 1674 juvenibus
934 1595 1276 1677 pulsatum
1313 1616 1386 1660 se
1419 1604 1807 1678 conquesto,
1835 1595 2154 1678 permisit,
2187 1599 2264 1657 ut
2305 1588 2739 1655 aut‘tricenas

556 1693 644 1754 ab
672 1692 779 1756 his
809 1693 1159 1760 drachmas
1190 1699 1499 1779 exigeret,
1530 1704 1649 1761 aut
1694 1697 1902 1760 denas
1929 1695 2164 1779 plagas
2217 1689 2498 1775 singulis
2525 1693 2742 1772 impo«

554 1797 756 1856 neret.
844 1793 1002 1871 Quo
1033 1798 1404 1878 posteriore
1430 1797 1737 1860 vindicta
1763 1813 1914 1872 uso,
1944 1794 2061 1877 qui
2089 1793 2596 1876 vapulaveram,
2622 1789 2668 1853 J
2671 1809 2741 1854 a·

554 1909 788 1956 sonem
805 1893 1301 1973 interfecerunt,
1332 1897 1559 1974 animi,
1590 1916 1725 1960 non
1755 1897 2058 1978 corporis
2085 1894 2317 1958 dolore
2349 1912 2573 1976 poenae
2601 1909 2742 1955 mo·

554 1990 715 2056 dnm
784 1994 1216 2061 aestimantes.
1333 1996 1647 2062 Ceterum
1719 2015 1928 2080 parvo
1997 1995 2400 2062 irritamento
2473 1992 2744 2074 ingenui

556 2091 840 2171 pudoris
869 2094 1184 2160 maximae
1211 2097 1309 2160 rei
1336 2096 1718 2180 expectatio
1741 2097 2023 2161 subruta
2051 2101 2194 2162 est:
2249 2093 2563 2177 quoniam
2593 2093 2743 2174 opi-

1127 441 1447 492 vanum!
1496 441 1800 490 MAXIM!
1841 439 1984 490 mn.
2030 442 2140 488 lx.

1468 2260 1588 2279 Μ

558 2343 739 2394 delent
766 2360 1044 2408 pronomen
1062 2350 1137 2398 mi
1153 2366 1174 2408 ,·
1208 2351 1353 2402 Leid.
1377 2359 1427 2402 6.
1462 2353 1797 2417 interemptam
1829 2354 1922 2402 cibi
1943 2354 2258 2419 filium—10
2290 2354 2375 2405 Ita
2405 2359 2512 2404 vet.
2551 2353 2746 2416 Pighii,

558 2408 746 2472 Copes.
772 2410 963 2474 Ultraj.
984 2417 1031 2462 2.
1054 2413 1247 2478 aliquot
1283 2429 1349 2464 ex
1384 2417 1640 2467 Gudianis
1680 2423 1734 2467 et
1769 2419 1916 2481 Mog.
1953 2419 2183 2468 nonnulli
2216 2419 2407 2469 etiam:
2441 2433 2574 2482 quem
2608 2417 2746 2467 hasta

554 2487 843 2537 neququam
878 2480 1207 2538 poterae—11
1254 2480 1467 2543 stxippo
1508 2482 1645 2531 Dan.
1687 2481 1934 2546 Plerique
1977 2483 2133 2533 codd.
2171 2490 2226 2533 et
2267 2482 2388 2535 edd.
2429 2489 2552 2534 ante
2595 2481 2745 2544 Pigh.

1546 2626 1767 2679 NOTAE

556 2724 625 2775 ris
642 2723 775 2775 filius
809 2740 864 2775 se
886 2740 1002 2777 cum
1031 2726 1135 2775 suis
1152 2730 1266 2778 vino
1292 2730 1610 2794 ingurgitat:

1693 2734 1798 2783 Dei
1833 2748 2016 2784 uxores
2045 2732 2274 2796 fuerunt,
2294 2730 2516 2796 intelligi
2537 2730 2748 2782 debeat.

553 2806 668 2850 tum
698 2800 870 2850 media
900 2809 1056 2851 nocte
1100 2806 1469 2867 superveniens
1507 2806 1610 2869 Cy-

1694 2809 1953 2857 Laodicen
1992 2809 2106 2871 jam
2142 2808 2230 2858 diu
2265 2821 2480 2856 uxorem
2526 2806 2749 2855 duxerat

555 2888 796 2936 rus,enm
835 2890 951 2925 cum
974 2879 1207 2927 exercitu
1236 2880 1411 2929 caedit.
1480 2882 1611 2931 Haec

557 2950 763 3015 quidem
783 2951 1054 3013 Justiuus;
1090 2958 1144 3002 at
1166 2953 1470 3004 Herodotus
1498 2957 1612 3005 vult

557 3032 775 3088 captum
832 3026 1216 3091 Spar-gabinum,
1256 3030 1477 3094 sibique,
1526 3032 1616 3081 nbi

558 3098 823 3149 ebrietate
866 3102 1065 3151 solutus
1106 3110 1206 3165 est,
1239 3112 1459 3154 mortem
1498 3120 1619 3155 con·

559 3173 792 3223 scivisse.
879 3176 1067 3225 Brevis
1121 3184 1292 3229 tamen
1349 3186 1404 3230 et
1454 3179 1616 3230 fallax

556 3244 761 3295 fructus
784 3248 1050 3301 victoriae:
1088 3252 1253 3315 Cyrus
1288 3255 1425 3303 enim
1467 3255 1522 3305 in
1545 3257 1618 3305 lo-

557 3335 675 3370 cum
697 3320 923 3386 iniquum
946 3327 1294 3391 progreditur,
1309 3328 1395 3377 ubi
1412 3328 1618 3379 insidiis

557 3394 799 3445 hostium·
817 3396 1199 3449 circumventus
1222 3416 1341 3451 cam
1377 3402 1614 3454 omuibus

556 3471 724 3533 copiis
740 3470 1048 3521 conciditur.

624 3545 654 3575 *
692 3544 795 3595 An.
832 3546 910 3595 Μ.
933 3550 1079 3596 3623.
1120 3547 1306 3599 01.62.
1328 3554 1376 3600 2.
1401 3550 1529 3602 Urb.
1552 3552 1615 3603 O.

556 3622 673 3669 222.
694 3620 822 3670 Ant.
856 3622 1081 3672 01:530.

622 3702 646 3727 θ
680 3696 935 3758 Berenice,
977 3713 1081 3760 quoe
1116 3698 1361 3763 Laodices,
1390 3703 1494 3765 qma]
1529 3700 1615 3753 Ab

559 3768 795 3819 oliverio
816 3772 914 3820 hac
937 3771 989 3819 in
1014 3779 1182 3835 parte,
1204 3774 1332 3824 utin
1356 3777 1467 3825 aliis
1488 3780 1618 3827 mul-

559 3846 650 3907 tis,
694 3844 973 3895 dissentio:
1029 3848 1083 3895 id
1140 3850 1280 3898 enim
1336 3853 1619 3917 Bet-onice,

555 3933 669 3981 quae
714 3920 1039 3969 Mithridatis
1070 3922 1231 3972 Ponti
1275 3925 1433 3989 Regis
1468 3942 1616 3978 soror

554 4000 689 4054 erat,
730 3995 945 4056 tribum
986 4011 1081 4059 ego
1115 4012 1219 4047 non
1254 4000 1411 4050 item:
1466 4004 1615 4052 valde

554 4068 691 4121 enim
714 4068 871 4120 falsus
900 4087 1034 4134 sum,
1074 4075 1170 4123 nisi
1192 4077 1260 4123 de
1283 4077 1539 4128 Beronice
1559 4086 1618 4129 et

557 4142 802 4204 Laodice,
836 4160 952 4207 quae
998 4153 1056 4197 et
1100 4164 1325 4214 sorores,
1364 4160 1419 4201 et
1448 4155 1618 4205 Ptole·

553 4216 673 4265 rnaei
717 4216 1043 4283 Philadelphi
1084 4221 1228 4288 filiae,
1280 4233 1336 4276 et
1373 4225 1618 4279 Antiochi

1695 2881 2004 2944 Antiochus,
2041 2897 2176 2945 cum,
2216 2888 2334 2947 post
2356 2881 2598 2930 diuturna
2631 2894 2748 2929 cum

1697 2958 2038 3021 Philadelpho
2071 2957 2228 3020 bella,
2270 2957 2563 3006 Berenicen
2601 2970 2749 3005 acce-

1697 3033 1804 3095 pit;
1839 3034 2162 3098 primumque
2196 3033 2463 3083 Laodicen
2487 3048 2606 3082 cum
2629 3032 2748 3081 filiis

1695 3108 1914 3157 Seleuco
1953 3114 2010 3157 et
2056 3108 2317 3158 Antiocho
2358 3110 2474 3157 aula
2513 3107 2752 3169 expulit;

1697 3184 1789 3233 sed
1815 3184 1965 3248 paulo
1998 3191 2117 3249 post
2149 3198 2320 3233 amore
2345 3186 2513 3233 victus
2536 3198 2649 3231 eam
2669 3197 2751 3233 re·

1698 3258 1876 3307 duxit:
1910 3274 2026 3324 quae
2061 3260 2227 3308 verita
2264 3258 2362 3308 viri
2401 3259 2604 3309 mobilis
2642 3257 2749 3307 ani-

1698 3347 1980 3395 mum,eum
2003 3334 2211 3383 sustulit
2227 3348 2422 3385 veneno
2444 3350 2459 3393 ;
2493 3341 2548 3383 et
2570 3334 2754 3383 Seleu-

1695 3423 1786 3457 cus
1803 3410 2086 3460 Beronices
2105 3409 2264 3458 tilium
2297 3409 2568 3471 ipsamque
2590 3408 2750 3457 Bero-

1696 3484 1846 3533 nicen
1869 3486 1937 3533 ab
1961 3483 2250 3533 Antiochia
2285 3481 2554 3535 Praefecto
2585 3482 2754 3531 occidi

1688 3559 1861 3621 jussit.

1761 3642 1794 3688 t.
1819 3634 1919 3683 An.
1942 3636 2018 3684 M.
2044 3639 2191 3686 8965.
2209 3634 2296 3684 01.
2321 3638 2434 3684 172.
2457 3637 2507 3683 4.
2532 3632 2664 3683 Urb.
2687 3635 2749 3683 C.

1694 3712 1808 3759 664.
1830 3709 2066 3760 Annon.
2091 3713 2172 3759 se.
2309 3702 2314 3705 ’

1761 3782 1785 3814 f
1807 3782 2032 3833 Jasonem
2075 3784 2366 3847 wesselum]
2401 3784 2581 3833 Virum
2630 3782 2754 3831 belli

1697 3860 2085 3921 peritissimum,
2125 3860 2212 3923 qni
2234 3859 2454 3908 subacta
2485 3858 2756 3907 Thessalia

1695 3934 1760 3982 ad
1799 3942 1997 3984 tantam
2031 3936 2320 3998 potentiam
2355 3936 2513 3997 venit,
2535 3939 2594 3981 nt
2631 3940 2753 3981 octo

1695 4010 1926 4073 equitum
1971 4012 2148 4072 millia,
2179 4018 2237 4060 et
2279 4011 2464 4073 viginti
2517 4007 2754 4072 peditum

1696 4086 1862 4147 gravis
1896 4092 2170 4135 armatnrae
2208 4084 2262 4133 in
2301 4086 2456 4135 armis
2498 4083 2756 4135 haberet:

1697 4172 1904 4209 suorum
1929 4160 2131 4211 insidiis
2155 4151 2328 4226 periit.
