3144 4925
754 360 914 409 cst.
947 359 1109 408 xiv.
1156 359 1253 406 nn
1300 360 1840 438 smim‘rqmun
1889 362 2184 412 nonum.
2437 348 2570 416 895

334 563 339 570 .
390 505 569 586 potis
611 525 655 570 a
697 507 993 571 moribus
1010 514 1033 542 ⁰
1076 507 1482 589 accepisset,
1530 506 1870 591 Pamphili
1914 509 2274 589 tertiarum,
2325 513 2438 576 cui
2477 514 2568 578 si-

392 605 708 670 millimus
735 626 882 670 esse
907 606 1256 683 ferebatur,
1282 605 1680 672 habuisset*

474 707 536 768 5.
582 705 677 770 At
706 707 805 771 M.
829 705 1153 794 Messalla
1168 703 1223 756 f*
1253 708 1622 772 consularis
1645 715 1710 773 et
1740 711 2111 788 censorius,
2133 709 2560 793 Menogenis:

390 803 729 888 Curioque
749 804 822 858 ⁸ss
878 808 1183 872 omnibus
1212 807 1572 872 honoribus
1603 810 1971 888 abundans,
2019 811 2407 876 Burbuleii:
2451 814 2564 878 ille

386 913 652 988 propter
679 907 815 972 oris
844 912 1207 990 aspectum,
1232 907 1340 971 hic
1370 914 1649 991 propter
1689 929 1914 991 parem
1945 913 2244 995 corporis
2289 920 2561 992 motum,

386 1011 661 1090 uterque
691 1009 940 1073 scenici
966 1027 1202 1072 nomen
1228 1013 1509 1072 coactus
1539 1014 1645 1072 est
1672 1010 1987 1091 recipere.

1289 1179 1678 1230 EXTERNA.

479 1290 542 1353 1.
586 1287 871 1353 Abunde
899 1288 1035 1352 sint
1059 1291 1205 1354 haec
1250 1289 1333 1354 de
1365 1291 1768 1369 domesticis,
1817 1292 2128 1376 quoniam
2157 1300 2227 1356 et
2270 1297 2570 1375 personis

392 1396 544 1454 sunt
570 1389 987 1466 excellentia,
1039 1395 1108 1453 et
1134 1409 1268 1455 non
1296 1393 1588 1483 obscura
1611 1393 1852 1461 notitia
1882 1393 2307 1459 celebrantur.
2393 1393 2572 1477 Regi

391 1486 735 1555 Antiocho
762 1509 946 1555 unus·
983 1511 1072 1555 ex
1102 1491 1495 1572 aequalibuS,
1542 1500 1613 1556 et
1639 1493 1788 1575 ipse
1833 1494 2030 1575 regiae
2049 1492 2074 1530 ⁸
2119 1492 2409 1576 stirpiS,¹¹
2449 1515 2578 1572 no-‚

389 1589 567 1651 mine
618 1587 959 1668 Artemon,
1003 1601 1329 1673 perquam
1382 1591 1626 1656 similis
1671 1592 1884 1659 fuisse
1937 1592 2237 1657 traditur.
2348 1592 2574 1682 Quem

391 1687 685 1753 Laodice
724 1709 895 1754 uxor
923 1687 1285 1768 Antiochi,¹
1324 1689 1673 1755 interfecto
1722 1693 1892 1768 viro,
1945 1691 2401 1757 dissimulandi
2429 1713 2571 1757 sce·

390 1787 547 1851 ieris
576 1791 811 1869 gratia,
836 1791 907 1853 in
948 1791 1195 1855 lectulo
1243 1791 1512 1875 perinde
1542 1791 1736 1875 quasi
1787 1793 2002 1874 ipsum
2051 1810 2273 1872 regem
2324 1813 2572 1875 aegrum

394 1889 779 1953 collocavit.
866 1889 1390 1974 Admissumque
1418 1893 1799 1957 universum
1827 1892 2151 1975 populum
2180 1896 2247 1955 et
2278 1911 2571 1958 sermone

390 1989 533 2072 ejus
583 1995 649 2054 et
676 1990 874 2055 vultu
924 1991 1256 2056 consimili
1300 1991 1574 2057 fefellit:
1644 1993 2187 2075 credideruntque
2225 1991 2525 2058 homines
2545 2003 2575 2046 9

394 2089 482 2151 ab
533 2087 876 2154 Antiocho
917 2092 1242 2156 moriente
1287 2093 1620 2158 Laodicen
1668 2099 1736 2158 et
1775 2102 1971 2158 natos
2029 2092 2174 2175 ejus
2218 2094 2348 2157 sibi
2392 2114 2574 2159 com-

393 2189 711 2253 mendari.

474 2290 538 2353 2.
581 2289 928 2372 Hybream
977 2299 1201 2356 autem
1232 2291 1764 2373 Mylasenum‚10³·
1817 2293 2120 2374 copiosae
2168 2301 2374 2377 atque
2405 2313 2566 2357 con.-

1304 2468 1479 2488 om

395 2562 606 2613 Deinde
630 2562 817 2626 copes.
838 2563 969 2625 cnjus
986 2578 1027 2613 s.
1048 2578 1091 2613 e.
1101 2562 1462 2623 sueborum—8
1492 2562 1664 2611 Bitur.
1690 2566 1738 2611 1.
1759 2562 2000 2623 egregie:
2030 2561 2168 2611 forte
2191 2577 2217 2611 e
2233 2562 2383 2625 plebe,
2403 2563 2580 2613 deleto

394 2629 462 2689 τῷ
476 2628 658 2689 stirpis,
672 2636 728 2675 ut
750 2627 887 2689 apud
910 2627 1048 2677 Pliu.
1114 2628 1279 2677 Silent
1302 2633 1474 2677 tamen
1493 2627 1734 2689 Inter-pp.
1788 2626 1918 2674 Mox
1941 2626 2114 2688 plures
2137 2626 2285 2675 codd.
2320 2628 2581 2685 Armenio,-

434 2691 604 2740 auculi
620 2705 735 2740 cum
758 2690 878 2739 edd.
904 2698 1033 2740 vett.
1049 2690 1361 2740 Artenia—9
1392 2690 1638 2738 Bartbius
1669 2688 1826 2751 legit:
1861 2690 2246 2751 credideruntque
2275 2696 2578 2740 πιπτει-10

428 2760 483 2802 ta
502 2754 713 2815 Pighius
731 2770 747 2814 ;
782 2754 1107 2817 Hybreantem
1128 2770 1176 2802 a.
1198 2755 1482 2801 Milasenum
1504 2767 1634 2801 uuus
1653 2752 1850 2802 Brund.
1883 2752 2166 2815 Hybreanta
2185 2767 2232 2799 a.
2256 2752 2407 2800 Miluo
2430 2753 2480 2801 in
2506 2755 2580 2801 al-

397 2823 530 2866 tero.
550 2818 721 2881 Vulgo
736 2818 1025 2878 legebatur,
1048 2816 1274 2865 Hibream
1286 2833 1333 2866 α.
1348 2818 1588 2880 Mylaium
1598 2832 1620 2873 ;
1641 2815 1730 2864 sed
1749 2814 1985 2879 plerique
2002 2814 2157 2864 codd.
2171 2814 2379 2877 habent,
2398 2815 2578 2865 Hibre-

395 2886 511 2929 anta
531 2886 688 2929 autem
702 2880 957 2943 Milapium
970 2898 991 2939 ,-
1015 2880 1162 2929 Harl.
1182 2880 1451 2929 Hiber-anta
1466 2885 1658 2936 anteum
1690 2878 1837 2928 Leid.
1859 2884 2032 2942 quart.
2057 2887 2112 2927 et
2135 2878 2328 2940 Ultraj.
2352 2892 2458 2927 sec.
2480 2879 2580 2927 Hi·

396 2944 633 2994 breantem
653 2950 809 2993 autem
820 2960 841 3001 ,·
876 2944 1067 3006 Ultraj.
1088 2944 1234 3007 prim.
1260 2944 1591 3006 Hibreantem,
1613 2941 1784 2991 deleto
1805 2948 1981 2991 autem.
2037 2941 2190 2991 Unde
2210 2942 2402 2991 erroris
2432 2943 2579 3005 origo

1384 3066 1597 3117 NOTAE

462 3172 485 3198 θ
506 3164 706 3227 Nepotis
723 3180 753 3213 α
768 3163 991 3225 moribus]
1024 3163 1331 3226 suspicatur
1350 3162 1447 3211 Co·
1591 3167 1618 3204 3
1642 3160 1812 3223 Curio]
1837 3159 1914 3210 M.
1932 3158 2227 3209 Scribonius
2249 3158 2426 3221 Curio,
2446 3158 2584 3209 illius

399 3241 538 3290 lerus
560 3239 831 3303 legendum
850 3254 962 3289 esse
978 3254 1009 3289 a
1024 3239 1288 3301 moini-ibus.
1320 3237 1448 3289 Qum
1527 3240 1694 3298 pater,
1732 3235 1820 3299 qui
1856 3233 2112 3283 Tribunus
2135 3233 2298 3297 plebis
2319 3233 2386 3282 ad
2409 3233 2583 3285 Caesa-

397 3314 675 3377 scriptura,
717 3319 777 3363 ut
817 3314 938 3362 mihi
981 3313 1189 3377 quidem
1227 3312 1449 3372 videtur,
1528 3324 1638 3359 rem
1659 3309 1813 3373 fugit,
1836 3317 1891 3359 et
1919 3309 2077 3372 periit
2096 3308 2150 3357 in
2174 3307 2373 3358 Africa.

401 3402 526 3438 vera
544 3394 625 3438 est
658 3394 711 3436 et
746 3402 980 3450 germana
1000 3404 1015 3438 t
1045 3388 1183 3437 illius
1204 3388 1339 3437 enim
1360 3402 1449 3451 pa-
1595 3391 1619 3443 τ.
1649 3383 1753 3456 An.
1777 3386 1844 3434 U.
1867 3385 1924 3434 C.
1945 3388 2061 3434 677.

399 3471 483 3523 tes·
504 3463 605 3512 fuit
624 3464 689 3514 Q.
710 3464 955 3513 Metellus
974 3465 1172 3527 Nepos,
1198 3462 1451 3512 Balearici
1595 3457 1620 3491 ¹¹
1653 3460 1724 3507 Et
1761 3459 1862 3521 ipse
1901 3459 2049 3519 regia
2085 3457 2277 3520 stirpis]
2333 3454 2584 3507 Artemon

400 3538 555 3599 filius,
594 3538 679 3587 eui
720 3537 943 3600 Nepotis
986 3552 1173 3587 nomen
1217 3537 1453 3599 adhesit,
1530 3536 1743 3599 ignobili
1758 3536 1873 3585 loco
1895 3544 2048 3585 natus
2063 3535 2260 3595 dicitur
2281 3548 2312 3583 a
2329 3533 2522 3583 Solino.

403 3613 543 3678 quod
580 3614 647 3664 Q.
687 3611 893 3660 Metelli
929 3612 1255 3661 Macedonici
1294 3624 1453 3675 nepos
1600 3608 1840 3659 ‘Laodice
1874 3624 1996 3658 uxor
2030 3606 2280 3668 Antiochi]
2333 3606 2458 3667 Dei,
2484 3605 2588 3673 ‘qui

400 3692 559 3745 esset,
581 3693 639 3735 ut
661 3686 820 3735 tradit
841 3686 1110 3735 Asconius.
1534 3686 1659 3736 duas
1681 3699 1886 3737 sorores
1911 3684 2172 3733 Laodicen
2207 3688 2264 3731 et
2295 3680 2591 3730 Beronicen

467 3760 499 3789 ⁴*
520 3760 623 3809 An.
647 3760 725 3808 M.
744 3764 888 3810 3997.
920 3760 1009 3810 01.
1029 3764 1142 3809 180.
1160 3764 1211 3811 4.
1242 3759 1374 3809 Urb.
1393 3760 1451 3809 C.
1533 3758 1863 3822 Philadelphi
1898 3757 2031 3806 filias
2069 3756 2238 3817 duxit,
2270 3759 2331 3802 ut
2367 3754 2587 3802 diximus

403 3840 519 3886 696.
549 3835 675 3884 Ant.
698 3834 793 3885 Ch.
812 3839 893 3886 56.
1534 3847 1708 3897 supra,
1729 3831 1826 3882 hoc
1849 3832 1982 3880 libro
2005 3845 2121 3894 cap.
2142 3834 2223 3879 1⁰.
2244 3842 2398 3892 quem
2418 3828 2587 3876 locum

467 3908 487 3947 ἶ
513 3910 763 3973 Meo-aua]
813 3910 891 3961 Μ.
933 3909 1167 3962 Valerius
1208 3910 1455 3960 Messalla
1534 3908 1761 3965 consule.
2067 3956 2075 3961 ,

406 3993 749 4048 cognomento
772 3984 953 4047 Niger,
988 3986 1213 4047 quicum
1236 3986 1313 4034 M.
1337 3984 1457 4033 Cal·
1597 3980 1616 4025 -ἱ
1647 3981 1892 4045 Hybrean·
1924 3984 2082 4029 cutem
2116 3974 2435 4041 Mylasenum]
2468 3976 2588 4041 My-

406 4060 621 4187 pbprxi'p
642 4060 1047 4186 ξίεέιιοσξέηωὶ
1068 4056 1169 4111 fuit
1190 4074 1322 4112 anuo
1342 4063 1457 4109 693.
1537 4059 1648 4108 lasa
1668 4056 1791 4109 urbs
1812 4062 1895 4107 est
1917 4054 2083 4109 Cariae
2106 4052 2296 4117 Plinio,
2317 4054 2414 4103 &c-
