3144 4925
1021 380 1182 427 cAP.
1215 380 1265 429 ι.
1315 380 1410 429 ns
1461 378 1932 429 summurn.
2490 360 2623 427 667

421 525 592 591 ries:
637 524 954 607 quoniam
983 520 1252 606 quidem
1299 522 1526 589 luctus
1567 530 1641 589 et
1688 522 1959 589 dolores
2006 522 2309 591 Deorum
2348 540 2623 607 quoque

421 628 814 712 pectoribus
865 646 908 691 a
953 626 1270 691 maximis
1315 626 1587 693 vatibus
1638 626 1969 708 assignari
1999 626 2331 693 videmus.
2420 625 2626 693 Hune

423 736 648 795 autem
667 738 720 768 ¹0
749 729 910 795 vitae
937 735 1160 793 actum
1191 728 1344 812 ejus
1361 734 1853 795 consentaneus
1866 728 2021 793 finis
2046 729 2367 813 excepit!
2413 728 2627 796 Nam-

421 851 556 914 que
611 830 962 897 Metellum
981 839 1028 873 ¹¹
1095 830 1356 895 ultimoe
1400 831 1759 897 senectutis
1812 831 2035 914 spatio
2088 830 2497 909 defunctum,
2528 832 2625 897 le-

419 934 628 1017 nique
670 953 904 1015 genere
947 934 1181 999 mortis
1239 934 1417 999 iuter
1473 935 1713 999 oscula
1768 934 2297 1019 complexusque
2356 934 2625 999 carissi·

417 1056 684 1129 morum
713 1038 1067 1120 pignorum
1097 1038 1496 1116 extinctum,
1523 1038 1645 1105 filii
1672 1042 1741 1103 et
1764 1036 1984 1120 generi
2011 1037 2301 1102 humeris
2332 1040 2477 1103 suis
2500 1058 2623 1121 per

420 1141 650 1203 urbem
675 1140 887 1205 latum
919 1160 1080 1224 rogo
1107 1143 1595 1225 imposuerunt.

504 1242 571 1305 2.
619 1240 822 1307 Clara
891 1244 1037 1308 haec
1111 1244 1437 1310 solicitant
1513 1244 1861 1310 obscurior
1914 1243 2073 1324 illa3
2146 1242 2263 1309 sed
2321 1242 2553 1307 divino
2576 1250 2625 1282 ¹⁸

421 1343 778 1427 splendore
833 1347 1251 1429 praepositae
1355 1348 1529 1413 Cum
1586 1350 1761 1413 enim
1810 1346 2039 1433 Gyges
2060 1343 2084 1383 ‘
2141 1366 2343 1428 regno
2384 1344 2621 1429 Lydiae

419 1446 628 1509 armis
677 1453 747 1511 et
775 1446 1032 1513 divitiis
1061 1448 1632 1520 abundantissimo
1677 1452 1948 1517 inflatus
1970 1458 2017 1497 ¹³
2067 1446 2455 1533 Apollinem
2489 1447 2623 1530 Py-

417 1546 631 1611 thium
661 1549 1082 1617 sciscitatum
1111 1552 1438 1629 venisset,
1495 1556 1516 1590 *
1533 1570 1621 1616 au
1649 1552 1895 1637 aliquis
1923 1551 2309 1617 mortalium
2338 1569 2413 1615 se
2442 1556 2625 1613 esset

417 1647 756 1714 felicior:'
831 1651 1021 1715 Deus
1083 1671 1174 1717 ex
1231 1652 1463 1716 abdito
1533 1655 1810 1719 sacrarii
1861 1674 2093 1738 specu,
2148 1672 2318 1718 voce
2388 1651 2622 1727 missa,

418 1746 712 1832 Aglaum
741 1752 1186 1836 Psophidium
1206 1762 1262 1802 ¹4
1303 1756 1367 1819 ei
1395 1757 1716 1839 praetulit.
1805 1756 1880 1821 Is
1912 1762 2055 1821 erat
2084 1754 2423 1819 Arcadum
2455 1770 2623 1835 pau-

420 1854 767 1935 perrimuS,
796 1855 918 1920 sed
969 1861 1166 1922 aetate
1195 1856 1356 1940 .jam
1405 1858 1655 1927 senior:
1722 1859 2045 1925 terminos
2086 1857 2288 1938 agelli
2316 1856 2423 1922 sui
2452 1872 2623 1923 uun-

422 1973 629 2036 quam
657 1963 1067 2034 excesserat,
1102 1960 1370 2039 parvuli
1409 1960 1580 2022 ruris
1606 1958 1931 2022 fructibus
1960 1976 2043 2022 ac
2092 1958 2623 2041 voluptatibus¹⁵

420 2062 789 2122 contentus.
875 2058 1127 2123 Verum
1157 2058 1462 2142 profecto
1491 2059 1712 2125 heatae
1741 2059 1899 2125 vitae
1931 2060 2127 2123 finem
2173 2059 2443 2143 Apollo,
2488 2080 2622 2125 non

487 2294 510 2327 δ
531 2296 678 2345 Hane
694 2302 854 2345 auten
873 2296 1021 2347 vitam
1029 2295 1244 2356 feliciter
1263 2301 1420 2345 aetam
1441 2310 1570 2346 mors
1586 2298 1727 2363 plene
1744 2297 1918 2347 similis
1935 2297 2176 2348 subsecuta
2195 2303 2286 2347 est.

485 2368 508 2392 ⁶·
535 2360 712 2411 Divino
731 2362 966 2425 Apollinis
985 2363 1250 2411 testimonio
1267 2362 1539 2427 proposita.

1345 2521 1670 2542 ”Oumm
1673 2523 1702 2542 Ο

425 2639 576 2688 deest
594 2643 770 2689 tamen.
835 2639 966 2688 Mox
1004 2639 1106 2690 duo
1143 2640 1296 2690 codd.
1335 2640 1551 2692 Torreu.
1590 2640 1705 2704 quin
1740 2641 1961 2704 quidem.-
1989 2647 2210 2706 quatuor
2238 2641 2625 2691 videamus—1⁰

425 2703 830 2755 Quatuordecim
854 2705 1005 2754 codd.
1025 2705 1242 2756 Torren.
1263 2719 1382 2760 cum
1403 2707 1527 2759 Vct.
1551 2714 1607 2756 et
1631 2707 1777 2768 Mog.
1799 2704 1979 2754 delent
2009 2710 2184 2768 auem,
2217 2704 2354 2770 quod
2394 2720 2493 2754 uon
2532 2706 2627 2754 im-

423 2768 612 2832 probat
631 2769 1054 2818 Toranium—ll
1090 2769 1180 2819 Ita
1201 2778 1348 2820 reete
1371 2771 1492 2820 Vet.
1517 2784 1635 2818 cum
1654 2771 1801 2832 Meg.
1825 2784 1927 2818 uno
1952 2769 2147 2819 Brund.
2179 2777 2235 2819 et
2264 2774 2467 2832 septem
2509 2770 2623 2818 aliis

422 2833 554 2881 Mss.
620 2832 838 2896 Pighius
861 2843 914 2882 et
938 2834 1154 2884 Colerus
1178 2834 1308 2884 Nam
1333 2835 1395 2890 Q.
1418 2835 1815 2884 Metellum—12
1848 2834 2091 2884 Perizon.
2124 2834 2401 2897 legendum
2438 2841 2623 2896 putat:

423 2899 503 2944 sed
523 2896 703 2960 divine,
736 2898 818 2946 vel
840 2898 1071 2948 divinitus
1088 2899 1324 2962 splendori
1340 2899 1599 2962 proposita
1612 2916 1634 2960 ,-
1668 2898 1853 2949 Leidd.
1883 2902 1929 2948 1.
1952 2904 2001 2947 5.
2034 2899 2418 2961 splendori—13
2453 2899 2469 2926 ⁸
2493 2897 2623 2962 Cop.

423 2969 481 3010 et
515 2975 704 3010 novem
738 2962 868 3013 Mss.
905 2964 1152 3012 Torrenii
1186 2963 1384 3026 inflatus
1420 2963 1618 3020 animo,-
1663 2963 1802 3012 unde
1840 2963 2144 3013 Perizonius
2182 2962 2394 3026 conjicit
2428 2961 2481 3010 in
2548 2968 2627 3010 tus

422 3025 588 3074 aminsi.
657 3026 764 3075 Pro
782 3027 986 3076 venisset
1017 3027 1272 3076 Brodaeus
1309 3028 1450 3090 conj.
1496 3027 1721 3090 misisset,
1752 3042 1818 3076 ne
1838 3028 2078 3076 Valerius
2117 3027 2229 3076 aliis
2264 3032 2446 3075 contra
2486 3027 2625 3079 icere

423 3089 679 3140 videatur.
744 3091 875 3140 Mox
900 3091 1098 3155 aliquot
1119 3091 1251 3140 Mss.
1285 3106 1396 3141 voce
1430 3091 1615 3142 ensissu.
1678 3090 1753 3140 At
1774 3091 1879 3142 vid.
1902 3107 1941 3142 1.
1975 3095 2023 3142 8.
2050 3096 2228 3142 5.-14
2263 3091 2571 3154 Psophidium
2594 3107 2625 3140 a

425 3154 692 3217 Psophide
713 3155 906 3218 oppido
930 3154 1196 3215 Arcadiae,
1227 3155 1292 3203 de
1315 3169 1416 3219 quo
1436 3155 1740 3218 Pausanias,
1770 3156 2184 3220 stephanusque,
2206 3161 2262 3205 et
2290 3156 2341 3204 iu
2360 3155 2626 3204 Thebaide

425 3218 710 3282 Papinius:
745 3220 820 3269 sic
833 3219 946 3282 jam
970 3221 1092 3268 olim
1115 3217 1377 3269 scribebat
1398 3220 1737 3282 Theophilus,
1770 3220 1923 3270 etita
1960 3220 2239 3270 ediderunt
2260 3220 2427 3270 Aldus
2464 3229 2625 3283 atque

425 3297 540 3331 eum
562 3285 759 3333 secuti:
796 3281 950 3332 codd.
989 3285 1204 3334 'Por-ren.
1241 3283 1557 3346 Sophidiumf
1589 3285 1800 3348 pauculi
1826 3284 2137 3349 Sephidium5
2172 3292 2229 3334 ut
2266 3291 2350 3334 est
2390 3286 2441 3333 in
2478 3285 2625 3348 Mog.

429 3347 741 3411 Usophs'ds’um
760 3362 939 3398 errore
963 3355 1206 3413 typorum
1228 3348 1424 3397 editum
1445 3347 1548 3397 fuit
1568 3363 1602 3397 a
1620 3349 1828 3413 Pighio,
1859 3355 1915 3398 et
1936 3351 2188 3400 monitum
2214 3351 2264 3398 iu
2290 3348 2476 3399 erratis
2510 3365 2625 3398 cor-

425 3412 695 3475 rigendum
719 3412 1038 3476 Sophidiumt·
1061 3414 1174 3475 ipse
1198 3421 1372 3462 autem
1398 3412 1710 3476 Psophidium
1730 3420 1886 3462 vocat
1906 3415 1959 3462 iu
1982 3415 2146 3464 Herc.
2171 3414 2331 3464 Prod.
2352 3429 2405 3476 p.
2426 3416 2511 3464 78.
2532 3413 2623 3463 ob-

423 3484 663 3526 servante
685 3477 1106 3526 Perimula—15
1140 3477 1379 3540 Pighius,
1412 3491 1530 3526 cum
1553 3477 1608 3526 iu
1632 3492 1733 3526 uuo
1761 3477 1981 3542 quodam
2017 3479 2135 3527 cod.
2172 3479 2487 3542 voluptatibus
2518 3493 2625 3528 non

423 3542 724 3604 reperisset,
747 3541 883 3592 illico
905 3542 958 3590 id
980 3543 1250 3605 expunxit.
1314 3542 1421 3590 Pro
1444 3540 1690 3600 fructibus
1709 3557 1765 3590 ae
1782 3543 2099 3606 voluptatibus
2122 3557 2251 3591 unus
2285 3543 2401 3592 cod.
2426 3543 2624 3592 Brand.

422 3605 837 3666 habetfructuum
856 3606 1172 3669 voluptatibus
1185 3623 1205 3663 ,-
1239 3611 1296 3656 et
1312 3606 1388 3654 sic
1412 3605 1607 3669 Ultraj.
1633 3611 1680 3655 1.
1704 3607 1947 3656 schottus
1975 3615 2150 3656 autem
2187 3606 2316 3656 Obs.
2343 3607 2502 3656 Hum.
2533 3620 2621 3656 ιιι.

426 3671 508 3719 32.
529 3670 786 3720 concisius
804 3670 1086 3734 legendum
1110 3677 1291 3735 putat:
1323 3671 1516 3734 purvuli
1553 3671 1687 3720 ruris
1720 3671 2063 3735 voluptatibus.
2130 3671 2373 3736 Denique
2412 3671 2464 3719 iu
2502 3672 2620 3721 cod.

1413 3817 1629 3868 NOTAE

487 3926 510 3959 f
537 3929 726 3994 Gyges]
760 3930 1018 3994 Lydorum
1052 3931 1194 3981 Rex:
1239 3930 1307 3981 de
1329 3931 1479 3995 cujus
1560 3931 1773 3994 mortui,
1818 3931 1906 3995 qui
1945 3929 2002 3981 in
2045 3945 2179 3996 equo
2212 3945 2359 3980 aeneo
2394 3931 2621 3980 inclusus

423 4005 615 4060 annulo
678 4007 842 4056 multa
904 4013 1146 4058 auctores
1201 4007 1481 4056 commenti
1561 4013 1700 4070 erat,
1720 4006 2016 4057 detraxisse
2036 4026 2052 4069 3
2072 4007 2309 4069 illiusque
2330 4007 2506 4056 annuli
2523 4010 2625 4058 vir-

420 4087 574 4143 suut3
620 4097 750 4148 quos
787 4082 928 4132 iuter
969 4082 1126 4132 Plato
1156 4081 1310 4146 fingit
1345 4096 1481 4146 eum,
1561 4090 1697 4148 tute,
1720 4098 1835 4134 cum
1858 4097 1889 4133 a
1917 4083 2057 4133 nullo
2079 4083 2365 4148 videretur,
2390 4093 2444 4134 et
2467 4085 2623 4148 Regi-

419 4159 474 4210 in
516 4167 722 4210 antrum
763 4160 902 4211 forte
943 4175 1060 4213 cum
1103 4159 1480 4222 descendisset,
1561 4176 1645 4210 11ae
1686 4165 1945 4224 stuprum,
1986 4167 2044 4209 et
2102 4166 2321 4210 mortem
2367 4161 2621 4211 Candauli

423 4237 667 4287 annulum
717 4249 930 4288 aureum
971 4251 1001 4286 e
1045 4235 1208 4300 digito
1261 4235 1480 4286 hominis
1563 4236 1704 4300 Regi
1726 4235 1995 4286 obtulisse.
