3144 4925
524 371 656 437 710
1108 383 1424 431 vAnssmi
1473 381 1787 439 Maxim,
1824 383 1971 433 Lm.
2007 385 2133 431 vu.

523 530 704 610 niam
761 527 1032 611 quidem
1080 527 1238 610 ipsa
1288 532 1458 591 neta
1503 543 1861 598 accensam
1882 533 1936 565 ¹²
1980 524 2417 609 cupiditatem
2470 528 2711 591 summi

522 630 798 693 honoris
829 628 1272 695 ardentiorem
1293 627 1378 693 ad
1399 628 1673 691 comitia
1690 626 1964 706 detulit3
1995 632 2073 691 ut
2090 627 2437 709 populum,
2454 634 2711 709 quemn

523 730 900 795 nobilitatis
927 728 1284 812 splendore
1309 734 1382 793 et
1409 728 1616 794 animi
1666 728 1857 792 bonis
1906 746 2179 793 movere
2210 746 2349 791 non
2378 734 2712 811 potuerat,

521 832 890 915 pertinacia
920 832 1262 895 vincerem

601 935 668 997 4.
715 931 802 1011 Q.
836 938 1056 997 autem
1087 931 1440 996 Caecilium
1471 927 1867 995 Metellum¹³
1910 930 2114 1013 pauci
2137 934 2205 995 et
2233 929 2455 995 moesti
2482 930 2711 1007 amici,

520 1034 909 1099 consulatus
938 1034 1214 1115 repulsa
1261 1031 1581 1097 afflictum
1589 1043 1635 1109 ,⁶
1660 1039 1712 1080 ¹4
1752 1032 2014 1096 tristitia
2042 1051 2125 1095 ac
2154 1032 2395 1095 rubore
2417 1031 2707 1114 plenum,

519 1137 792 1203 domum
850 1135 1295 1201 reduxerunt:
1355 1134 1635 1199 eundem
1680 1134 1765 1197 de
1812 1128 2434 1217 Pseudophilippo*
2480 1133 2707 1197 trium-

516 1238 832 1320 phantem
861 1237 1210 1302 universus
1235 1244 1520 1301 senatus
1547 1238 1773 1302 laetum
1794 1243 1865 1301 et
1886 1237 2171 1299 alacrem
2198 1237 2269 1299 in
2284 1234 2704 1317 ,Capitolium

513 1346 917 1421 prosecutus
963 1334 1120 1402 est?
1203 1336 1488 1403 Achaici
1541 1339 1742 1403 etiam
1772 1332 1985 1415 belli,j
2030 1336 2143 1399 cui
2184 1354 2517 1401 summam
2560 1354 2704 1399 ma·

516 1456 670 1503 num
701 1439 780 1503 L.
814 1438 1180 1505 Mummius
1205 1439 1483 1524 adjecit,
1509 1440 1809 1503 maxima
1837 1457 1995 1521 pars
2028 1437 2115 1503 ab
2145 1436 2275 1501 hoc
2306 1436 2452 1501 viro
2478 1435 2705 1518 profli-

513 1545 669 1619 gata
712 1545 834 1603 est.
923 1539 1094 1604 Eine
1147 1558 1306 1621 ergo
1359 1541 1656 1623 populus
1702 1539 2125 1604 consulatum
2172 1556 2409 1620 negare
2456 1538 2704 1620 potuit,

517 1637 627 1701 cui
658 1656 817 1705 mox
849 1640 1020 1707 duas
1046 1641 1468 1707 clarissimas
1496 1640 1883 1724 provincias
1903 1635 1929 1675 k
1956 1646 2070 1705 aut
2098 1638 2379 1705 daturus
2402 1644 2569 1717 erat,
2588 1644 2705 1703 aut

581 1848 601 1871 ⁶
623 1840 834 1904 Propter
852 1846 1086 1911 repulsam
1109 1847 1390 1897 Comum
1407 1844 1653 1911 afflictum.

1425 1996 1456 2015 0
1461 1994 1787 2015 ‘enecone‘

503 2112 673 2172 factus
693 2121 765 2165 est
786 2122 836 2165 et
853 2116 1212 2180 amplissimum,
1226 2121 1441 2181 &cu—12
1473 2116 1691 2180 Pighius
1715 2116 1873 2166 tacite
1890 2130 2248 2179 accentu-’stum
2264 2114 2381 2166 edd.
2397 2120 2518 2164 ante
2536 2115 2707 2177 ipsum

519 2186 576 2227 et
598 2179 726 2229 Mes.
748 2180 1000 2229 haberent
1021 2195 1258 2230 accensam
1278 2182 1601 2244 cupiditatem.
1654 2182 1671 2209 ‘
1694 2180 1854 2230 Certe
1874 2182 1947 2230 ita
1969 2181 2174 2229 invenio
2193 2180 2247 2228 in
2277 2180 2459 2229 Leidd.
2482 2186 2709 2241 septem,

519 2249 746 2307 ntroqne
768 2244 954 2307 Ultraj.
975 2251 1030 2293 et
1054 2246 1243 2309 Copes.
1265 2247 1318 2294 in
1335 2244 1589 2295 Gudianis
1602 2246 1865 2307 excerptis
1880 2244 2119 2295 omissum
2142 2245 2300 2293 credo
2318 2246 2513 2293 notari:
2539 2249 2593 2290 et
2614 2251 2699 2291 est

515 2306 616 2357 hoc
634 2314 682 2355 st
719 2308 768 2355 lo
789 2306 983 2357 Valerii
1007 2322 1215 2372 prorsus
1239 2310 1565 2359 conveniens.
1631 2309 1931 2358 Perizonius
1954 2322 2048 2373 pro
2068 2309 2254 2371 detulit,
2273 2306 2493 2357 fortasse
2529 2306 2705 2368 repulit

514 2368 670 2432 legen
709 2386 794 2419 um
815 2386 930 2421 esse
950 2372 1214 2436 conjecit!
1233 2374 1427 2424 Torreat.
1461 2388 1579 2423 cum
1600 2372 1853 2423 Torrenio
1874 2371 2005 2423 facit
2026 2380 2082 2423 et
2104 2374 2351 2421 Vct-13
2386 2373 2473 2421 Ita
2494 2370 2701 2435 quidem

519 2433 792 2485 Torrenius
814 2440 1126 2487 auctoritate
1148 2452 1332 2488 novem
1353 2438 1482 2489 Mss.
1518 2445 1572 2488 et
1610 2436 1763 2488 editt.
1832 2437 2051 2488 Fallitur
2071 2443 2242 2488 tamen
2270 2438 2345 2486 vir
2366 2435 2709 2498 doctissimus,

512 2499 768 2563 scribens,
789 2501 899 2562 quia
923 2516 1016 2565 pro
1041 2517 1176 2564 quem
1199 2517 1230 2552 a
1254 2501 1440 2566 Pighio
1463 2516 1598 2564 esse,
1618 2517 1732 2550 nam
1758 2501 1883 2551 Vet.
1912 2503 2021 2565 jam
2044 2501 2202 2551 habet
2222 2502 2346 2564 quia.
2408 2501 2536 2549 Mox
2568 2505 2703 2562 pote·

507 2567 588 2610 rat
629 2563 872 2613 alit—14
906 2566 990 2614 Ita
1034 2581 1210 2615 omnes
1253 2566 1407 2615 codd.
1450 2567 1667 2615 Torren.
1712 2573 1917 2615 veteres
1965 2566 2102 2628 typis
2141 2565 2372 2628 expressi
2416 2571 2471 2613 et
2504 2563 2701 2613 Brand.

509 2625 726 2689 Pighius
752 2635 925 2678 tamen
945 2643 1009 2678 ex
1033 2644 1135 2678 uno
1157 2637 1312 2694 atque
1331 2633 1496 2679 altero
1509 2630 1625 2679 cod.
1650 2631 1855 2692 scripsit
1874 2631 2112 2706 afflatum.-
2175 2636 2389 2692 utatque
2408 2630 2700 2690 elegantem

516 2687 789 2740 formulam
827 2694 1071 2758 loquendi
1113 2694 1248 2744 hanc
1291 2708 1420 2744 esse.
1485 2694 1727 2757 Pighium
1762 2701 1928 2743 secuti
1961 2702 2083 2743 snut
2199 2693 2293 2742 ler.
2328 2699 2383 2742 et
2402 2693 2692 2755 Thym-15

565 2979 590 3032 ss
613 2970 713 3021 An.
737 2972 812 3021 M.
836 2976 979 3023 3874.
1013 2973 1104 3024 ΟΙ.
1128 2979 1240 3024 150.
1265 2978 1312 3024 1.
1347 2973 1554 3025 Urb.c.
1633 2973 1797 3022 onmis
1816 2972 2019 3023 Achaia
2038 2988 2071 3022 a
2094 2974 2153 3023 L.
2172 2971 2422 3022 Mummio
2454 2969 2705 3033 Consule,

497 3050 612 3095 673.
636 3045 760 3094 Ant.
782 3047 876 3094 ch.
899 3052 1013 3097 179.
1634 3050 1778 3098 victo
1800 3063 1974 3098 rursus
1997 3050 2166 3111 Diaeo,
2192 3049 2249 3097 in
2269 3047 2582 3097 deditionem
2608 3059 2691 3094 ac·

561 3118 586 3152 ¹⁸
607 3121 876 3184 Metellum]
925 3123 1340 3188 Macedonicum,
1357 3124 1424 3174 de
1448 3137 1550 3190 quo
1632 3135 1807 3194 cepta,
1846 3129 2121 3180 Corinthus
2164 3129 2280 3193 ipsa
2318 3134 2478 3190 caput
2518 3128 2693 3189 gentis

496 3196 651 3257 paulo
673 3201 808 3244 ante.
1628 3206 1843 3254 incensa
1864 3212 1961 3257 est.
2013 3207 2092 3255 Ex
2118 3221 2218 3269 quo
2238 3212 2468 3267 tempore
2486 3203 2691 3252 sublato

567 3268 1008 3334 ¹Pseua0philippo]
1042 3271 1316 3334 Andrisco,
1357 3275 1443 3337 qui
1489 3289 1546 3322 se
1630 3281 1851 3331 Graeciae
1876 3282 2114 3343 concilio,
2144 3290 2201 3332 et
2234 3282 2441 3330 Praetor
2462 3280 2595 3344 juris
2618 3279 2689 3327 di-

490 3343 718 3406 Philippi
743 3345 898 3407 Regis
919 3359 986 3393 ex
1008 3349 1195 3409 pellice
1223 3347 1383 3398 filium
1403 3364 1544 3399 men-
1630 3357 1787 3406 cundi
1826 3357 1993 3420 gratia
2024 3355 2207 3407 missus
2245 3364 2349 3420 est,
2386 3362 2442 3404 et
2477 3353 2685 3405 Graecia

492 3421 735 3470 tiebatur.
1546 3441 1603 3526 ’ἰ
1626 3435 1787 3482 omnis
1809 3434 2019 3484 Achaim
2043 3448 2227 3484 nomen
2250 3433 2472 3496 accepit.

558 3495 588 3523 ⁶
610 3494 710 3546 An.
731 3497 806 3546 Μ.
831 3501 977 3546 3909.
1057 3497 1144 3548 ΟῙ.
1163 3501 1277 3548 158.
1297 3503 1347 3548 4ο
1412 3501 1540 3550 Urb.
1592 3497 1617 3529 ι’
1689 3508 1712 3541 k
1738 3511 1872 3560 Dm
1908 3510 2194 3560 elarinimag
2226 3507 2515 3573 provinciass]
2566 3507 2683 3556 Ma-

491 3572 553 3620 C·
575 3575 689 3621 6⁰8·
722 3572 850 3622 Ant·
875 3572 967 3623 Ch·
994 3577 1104 3623 144·
1167 3625 1180 3632 ,
1625 3584 1895 3634 cedoniam
1925 3594 1979 3635 et
2016 3585 2323 3650 Hispaniam
2362 3585 2685 3644 citeriorem,

547 3647 788 3698 JAchaici
821 3650 963 3698 etiam
997 3647 1128 3711 belli]
1185 3649 1337 3700 Quod
1374 3657 1542 3700 ortum
1626 3673 1838 3722 quarum
1864 3659 2077 3708 alteram
2090 3666 2247 3724 capto
2263 3657 2520 3708 Andrisco
2532 3657 2681 3706 Prae·

487 3734 568 3774 est
591 3725 658 3774 ob
681 3726 937 3776 Romanos
955 3725 1151 3788 legatos
1179 3725 1410 3775 Corinthi
1431 3729 1539 3776 vio·
1625 3740 1709 3782 tor
1741 3735 1855 3798 jam
1895 3735 2211 3799 subegernt3
2264 3733 2479 3783 alteram
2524 3731 2679 3780 victis

485 3800 651 3861 latos;
701 3816 732 3848 a
768 3801 989 3849 Metello
1029 3802 1266 3851 Praetore
1289 3811 1536 3865 coeptum,
1618 3823 1757 3872 saepe
1780 3809 2060 3858 Celtiberis
2097 3808 2381 3858 Proconsul
2415 3807 2681 3871 aliquanto

485 3890 517 3922 a
536 3891 636 3939 quo
659 3875 840 3926 Achaei
875 3889 1150 3939 eorumque
1172 3877 1318 3939 socii,
1343 3878 1535 3927 Boeotii
1617 3890 1736 3946 post
1753 3885 1805 3932 in
1828 3891 2145 3948 potestatem
2177 3883 2379 3946 redegit
2398 3898 2415 3930 ι
2447 3880 2585 3930 unde
2608 3880 2676 3930 de

482 3954 540 3996 et
563 3950 944 4012 Chalcidenses,
966 3950 1162 3999 duobus
1180 3951 1367 4013 praeliis
1382 3967 1533 4018 supe·
1616 3959 1703 4008 illo
1742 3961 1954 4011 Florus:
2002 3963 2017 3988 ⁸
2042 3961 2291 4010 Metellus
2334 3959 2440 4021 ille,
2476 3957 2561 4007 cui
2605 3971 2673 4005 ex

481 4025 602 4084 rati,
633 4028 789 4073 semel
815 4025 880 4074 ad
910 4025 1312 4090 'l'hermopylas3
1345 4027 1533 4078 iterum
1614 4035 1928 4086 Macedonia
1966 4050 2269 4099 cognomen,
2310 4040 2570 4086 meruerat
2617 4040 2673 4082 et

482 4097 547 4146 ad
585 4099 965 4151 Chaeronaeam:
1019 4103 1184 4152 altero
1217 4104 1398 4166 praelio
1430 4105 1534 4155 dux
1616 4111 1958 4162 Celtibericus
1981 4111 2134 4162 fieri!

477 4182 593 4224 erat
615 4176 882 4240 Critolaus,
897 4179 1064 4228 altero
1093 4179 1305 4241 Βίωνες
1341 4180 1532 4230 deinde
1816 4171 1823 4178 ’
