3144 4925
1061 943 1637 1034 VALERII
1743 941 2270 1032 ΜΑΧΙΜῙ

586 1213 1116 1282 FACTORUM
1190 1211 1911 1290 DICTORUMQUE
1983 1205 2763 1276 MEMORABILIUM

1394 1488 1726 1563 LIBER
1805 1485 1964 1560 lx.

1510 1979 1718 2046 CAP.
1765 1981 1828 2046 I.

1024 2166 1155 2232 DE
1200 2162 1659 2230 LUXURIA
1703 2163 1824 2228 ΕΤ
1869 2162 2338 2228 LIBIDINE.

752 2378 1018 2416 nxnmpm
1050 2377 1283 2415 nomam
1309 2377 1463 2414 suwr.
1744 2367 1777 2412 9
1810 2363 1867 2414 L.
1887 2361 2124 2412 Catilina.

623 2459 649 2504 1
687 2455 746 2505 C.
771 2454 982 2517 Sergius
1003 2451 1185 2504 Orata.

618 2525 649 2569 2
684 2520 894 2569 Clodius
917 2518 1094 2582 AEsopi
1122 2516 1363 2580 Tragoedi
1384 2517 1444 2567 F.
2098 2502 2374 2541 Ermum·

622 2588 651 2631 3
688 2584 935 2633 Mulieres
974 2585 1103 2646 legis
1147 2583 1336 2646 Oppiae
1376 2594 1639 2643 oppugna·
1747 2582 1773 2625 1
1811 2576 2075 2627 Hannibal
2107 2578 2300 2627 Poenus
2321 2578 2633 2629 Hamilcaris
2651 2580 2711 2630 F.

719 2648 889 2697 trices.
1747 2646 1779 2689 2
1810 2641 2178 2690 Vulsinienses.

618 2714 651 2759 4
686 2711 781 2761 Cn.
804 2710 1064 2760 Domitius
1092 2715 1145 2758 et
1169 2711 1228 2760 L.
1250 2710 1468 2759 Crassus
1493 2720 1636 2757 cens.
1749 2708 1779 2753 3
1814 2705 2020 2754 Xerxes
2043 2705 2318 2754 Persarum
2333 2719 2449 2757 rex.

623 2780 653 2823 5
687 2775 756 2825 Q.
779 2774 1024 2824 Metellus
1046 2773 1192 2822 Pius.
1748 2772 1781 2817 4
1815 2768 2103 2818 Antiochus
2118 2770 2282 2833 Syriae
2304 2784 2416 2821 rex.

618 2842 653 2885 6
685 2838 745 2888 C.
769 2838 1067 2888 Scribonius
1088 2837 1244 2886 Curio
1264 2835 1417 2885 filins.
1750 2837 1780 2880 5
1815 2833 2129 2882 Ptolemaeus
2150 2833 2361 2898 AEgypti
2386 2848 2496 2884 rex.

621 2906 652 2949 7
689 2902 753 2951 Ρ.
776 2901 940 2951 Clodii
950 2900 1222 2966 judicium.
1751 2899 1786 2942 6
1817 2896 2067 2959 AEgyptii.

622 2968 655 3012 8
688 2965 952 3017 Gemellus
975 2967 1140 3015 viator
1163 2963 1482 3016 tribunicius.
1753 2963 1784 3006 7
1821 2960 2016 3023 Cyprii.

588 3122 835 3210 BLAN
846 3165 1007 3212 DUM
1041 3148 1241 3212 etiam
1269 3148 1514 3210 malum
1536 3144 1821 3219 luxuria,
1848 3163 2047 3226 quam
2077 3161 2397 3207 accusare
2427 3144 2769 3226 aliquanto

588 3245 857 3311 facilius
894 3254 1018 3325 est,
1051 3268 1251 3330 quam
1286 3249 1511 3323 vitare,
1553 3246 1740 3329 operi
1769 3251 1997 3307 nostro
2024 3245 2394 3309 inseratur:
2437 3264 2577 3307 non
2622 3245 2770 3328 qui·-

591 3346 744 3411 dem
773 3355 850 3410 ut
878 3349 1088 3413 ullum
1113 3349 1423 3412 honorem
1448 3346 1756 3429 recipiat,
1806 3345 1921 3408 sed
1968 3352 2047 3408 ut
2095 3347 2389 3429 seipsam
2417 3365 2770 3429 recognos-

592 3466 756 3511 cens
784 3448 871 3512 ad
900 3432 1363 3531 poenitentiam
1396 3446 1652 3529 impelli
1695 3446 1935 3529 possit.
2020 3444 2067 3509 J
2070 3454 2356 3527 ungatur
2392 3446 2494 3510 illi
2522 3446 2769 3511 libido:

594 3548 913 3630 quoniam
944 3567 1029 3611 ex
1058 3545 1297 3611 iisdem
1328 3546 1643 3610 vitiorum
1672 3546 2021 3629 principiis
2051 3548 2296 3611 oritur:
2340 3566 2556 3630 neque
2583 3553 2700 3611 aut
2727 3566 2770 3611 a

592 3649 1129 3731 reprehensione,
1153 3653 1273 3711 aut
1300 3648 1386 3711 ab
1414 3646 1874 3711 emendatione
1899 3652 2292 3729 separentur
2311 3648 2566 3729 gemino
2587 3666 2771 3711 men-

593 3749 679 3814 tis
708 3768 926 3813 errore
955 3768 1304 3813 connexae.
1374 3752 1393 3762 '

680 3851 740 3913 1.
788 3849 864 3913 C.
892 3850 1159 3932 Sergius
1189 3848 1397 3913 Orata
1414 3856 1441 3883 ⁸
1487 3848 1774 3932 pensilia
1795 3849 2037 3914 balnea
2065 3849 2320 3931 primus
2341 3849 2556 3915 facere
2585 3848 2773 3913 insti-

1579 4002 1792 4053 NOTAE

660 4105 685 4130 ⁸
720 4099 778 4147 C.
816 4100 1015 4163 Sergius
1060 4104 1235 4167 Οναω]
1285 4102 1441 4166 Cujus
1480 4116 1647 4151 mores
1727 4100 1958 4164 guntinus
2002 4101 2055 4151 in
2094 4100 2226 4150 libro
2281 4100 2346 4151 de
2406 4102 2576 4152 Beata
2615 4103 2774 4152 Vita:

597 4171 675 4220 hi·
734 4175 905 4223 verbis
963 4176 1241 4241 descripsit
1282 4177 1499 4227 Sanetus
1538 4176 1645 4224 Au·
1722 4177 1738 4204 ‘
1763 4176 1936 4227 Homo
1959 4175 2254 4241 ditissimus,
2275 4178 2664 4240 meniminus,
2686 4178 2778 4228 de-

848 4256 861 4289 ι
