3144 4925
993 973 1976 1071 FRAGMENTUM

655 1251 1062 1330 LIBRI
1171 1254 1353 1331 DE
1460 1256 2295 1335 NOMINIBUS

806 1493 940 1546 QUI
972 1494 1055 1546 IN
1090 1495 1521 1548 QUIBUSDAM
1566 1499 1789 1550 com).
1829 1499 2156 1550 TITULUM

1005 1732 1367 1810 LIBRI
1466 1736 1944 1813 DECIMI

1298 1997 1680 2046 PRAEFERT.

586 2450 667 2516 C.
727 2450 931 2517 ΤῙΤΙ
996 2448 1296 2517 PROBI
1362 2451 1475 2517 IN
1541 2450 2050 2517 EPITOMEN
2115 2442 2386 2518 SUAM

1224 2565 1766 2633 PRAEFATIO.

396 2687 779 2785 Dmm-us
823 2708 1029 2793 hujus
1076 2710 1300 2792 operis
1339 2708 1537 2789 liber,
1579 2712 1698 2797 qui
1747 2716 1812 2775 et
1856 2710 2134 2775 ultimus
2179 2719 2310 2791 est,
2335 2711 2448 2777 vel
2491 2724 2584 2778 ex

390 2811 792 2897 negligentia
821 2818 940 2876 aut
984 2811 1458 2876 malevolentia
1485 2812 1906 2876 librariorum
1937 2812 2241 2897 deperiit.
2325 2812 2585 2880 Abbre-

394 2916 607 2980 viator
635 2913 871 2979 titulos
910 2911 1055 2999 ejus
1094 2913 1385 2978 habebat
1409 2915 1658 2994 integre
1682 2912 2036 2979 fortassis:
2081 2921 2306 2983 tamen
2335 2916 2420 2980 de
2448 2936 2585 2984 uno

392 3023 673 3094 tantum,
701 3016 833 3079 hoc
862 3021 990 3093 est,
1020 3014 1102 3077 de
1128 3014 1566 3097 praenomine,
1596 3014 1899 3101 epitoma
1925 3019 2467 3099 repraesentabat.

1078 3206 1318 3273 ALIA
1362 3206 1906 3275 PRAEFATIO.

487 3346 843 3423 Daunius
872 3362 1075 3443 atque
1103 3355 1377 3421 ultimus
1404 3352 1608 3438 hujus
1637 3355 1862 3438 operis
1899 3354 2072 3419 libe-r
2099 3376 2223 3422 seu
2253 3356 2588 3425 studioso-

398 3478 547 3526 rum
572 3458 838 3537 inertia,
869 3479 989 3523 seu
1030 3458 1429 3542 scriptorum
1470 3458 1783 3539 segnitia,
1830 3476 1948 3522 seu
1975 3458 2114 3525 alio
2141 3459 2392 3541 quovis
2421 3476 2592 3523 casu

401 3561 586 3625 aetati
613 3565 861 3629 nostrae,
886 3559 1195 3642 perditus
1220 3566 1349 3635 est.
1430 3558 1686 3628 Verum
1731 3560 1960 3630 Julius
2013 3561 2210 3627 Paris
2239 3560 2592 3627 abbrevia-

400 3671 519 3727 tor„
532 3658 796 3727 Valerii
824 3666 982 3745 post
1001 3680 1239 3725 novem
1267 3663 1478 3725 libros
1499 3663 1892 3745 explicitos,
1907 3663 2084 3729 hunc
2114 3661 2439 3729 decimum
2463 3664 2590 3726 sub

398 3765 575 3833 infra
601 3764 855 3847 scripto
884 3761 1281 3845 compendio
1310 3764 1710 3845 complexus
1739 3771 1886 3845 est3
1916 3783 2037 3847 per
2063 3763 2248 3849 quod
2275 3762 2358 3829 de
2379 3763 2592 3827 nomi-

398 3868 619 3946 nibus,
647 3864 1193 3948 praenominibus,
1222 3864 1761 3946 cognominibus,
1781 3869 1980 3949 atque
1995 3866 2462 3949 agnominibus
2488 3865 2594 3929 fu-

400 3971 537 4035 isse
562 3967 851 4036 enndem
880 3986 923 4035 a
942 3964 1221 4032 Valerio
1243 3964 1696 4051 compositum
1723 3966 2085 4050 conjectari
2113 3967 2298 4033 licet.
2356 3965 2594 4033 Verba

404 4072 684 4156 quidem
704 4069 877 4140 sulii
902 4068 1173 4135 Paridis
1199 4068 1349 4135 haec
1376 4075 1561 4135 sunt.
1638 4068 1846 4137 Liber
1875 4069 2196 4135 Decimus
2219 4068 2306 4134 de
2330 4088 2595 4155 proeno-

404 4174 714 4252 minibus,
737 4180 809 4239 et
834 4170 1189 4239 similibus,

2461 4338 2496 4375 1·
