3144 4925
525 337 658 402 512
1153 350 1468 401 numu
1521 349 1815 399 MAxim
1867 351 2009 400 mn.
2060 351 2124 399 v.

612 496 679 560 3.
731 495 952 578 AEque
984 491 1170 558 mitis
1193 495 1450 559 animus
1469 495 1707 578 Pyrrhi
1737 495 1937 576 regis,
2024 493 2363 561 Audierat
2391 499 2725 581 quosdam

525 598 1025 663 Tarentinorum
1053 597 1124 660 in
1150 599 1466 663 convivio
1501 617 1733 680 parum
1777 600 2175 663 honoratum
2193 606 2221 644 ³
2264 598 2347 663 de
2376 618 2448 662 se
2479 617 2731 664 sermo-

527 720 679 766 nem
705 700 1096 776 habuisse,⁷³
1143 701 1525 778 arcessitos,
1552 702 1666 786 qui
1695 701 1759 765 ei
1800 699 2249 779 interfuerant,
2279 703 2729 783 percontaba-

528 811 658 881 tur,
691 807 710 836 ‘
737 823 822 866 an
881 822 986 880 ea,
1032 821 1188 886 quae
1247 801 1334 866 ad
1391 820 1588 867 aures
1634 802 1781 886 ejus
1838 808 2298 884 pervenerant,
2352 801 2728 867 dixissent?

528 905 702 971 Tum
732 925 822 970 ex
849 904 957 969 his
980 911 1041 954 ⁷4
1079 923 1297 968 unus:
1343 908 1363 938 ‘
1391 902 1593 981 Nisi:
1621 905 1863 987 inquit,
1892 908 1913 936 ‘
1934 903 2162 968 vinum
2204 903 2403 969 nobis
2445 903 2731 968 defecis-

529 1012 660 1085 set,
689 1009 846 1085 ista,
876 1001 1032 1091 quae
1060 1005 1183 1070 tibi
1225 1005 1437 1070 relata
1483 1012 1657 1082 sunt,
1685 1025 1825 1088 pree
1866 1006 1976 1083 iis,
2010 1025 2161 1088 quae
2212 1004 2297 1070 de
2328 1011 2393 1070 te
2433 1006 2729 1070 locuturi

529 1129 821 1188 eramus,
852 1109 1043 1172 lusus
1061 1114 1114 1157 ⁷⁵
1161 1125 1241 1172 ac
1274 1107 1478 1190 jocus
1522 1105 1840 1170 fuissent!
1924 1106 2098 1170 Tam
2128 1107 2381 1171 urbana
2424 1106 2727 1190 crapnloe

528 1213 904 1288 excusatio,
948 1217 1217 1293 tamque
1265 1209 1557 1291 simplex
1604 1209 1903 1272 veritatis
1948 1206 2306 1285 confessi0‚
2344 1209 2511 1272 iram
2552 1211 2727 1291 regis

526 1313 854 1378 convertit
876 1313 947 1375 in
975 1313 1200 1376 risum.
1291 1309 1451 1389 Qua
1489 1310 1763 1392 quidem
1804 1309 2148 1374 clementia
2175 1318 2245 1375 et
2272 1311 2726 1376 moderatione

527 1421 880 1480 assecutus
910 1420 1032 1491 est,
1063 1420 1134 1478 ut
1161 1417 1228 1476 et
1266 1412 1468 1476 sobrii
1511 1412 1643 1475 sibi
1671 1410 2019 1476 Tarentini
2064 1413 2313 1494 gratias
2342 1419 2630 1494 agerent,
2660 1419 2730 1478 et

525 1517 691 1581 ebrii
721 1519 886 1581 bene
917 1521 1383 1599 precarentur.†
1471 1511 1585 1579 Ab
1618 1512 1849 1580 eadem
1893 1515 2245 1579 altitudine
2287 1516 2725 1581 humanitatis

523 1619 766 1700 legatis
797 1618 1250 1682 Romanorum
1283 1616 1370 1681 ad
1397 1617 1820 1682 redimendos
1850 1618 2162 1701 captivos
2206 1624 2423 1685 castra
2450 1637 2579 1684 sua
2606 1637 2729 1700 pe-

441 1755 446 1762 ·
523 1723 843 1798 tentibuS‚
893 1739 1027 1804 quo
1085 1721 1300 1784 tutius
1358 1720 1677 1796 venirent,
1722 1718 2054 1803 Lyconem
2105 1719 2487 1784 Molossum
2506 1717 2563 1768 ⁷⁶
2604 1720 2727 1785 ob·-

523 1824 704 1887 viam
747 1823 972 1887 misit:
1018 1841 1151 1905 quo
1172 1829 1227 1870 ⁷⁷
1272 1821 1665 1886 honoratius
1710 1822 2195 1906 exciperentur,
2226 1824 2377 1906 ipse
2421 1842 2571 1886 cum
2617 1843 2727 1887 or-

521 1931 680 1988 nato
727 1927 1032 2007 equitatu
1057 1923 1111 1972 ⁷⁸
1157 1931 1351 1989 extra
1395 1933 1659 2007 portam
1708 1927 2021 1991 occurrit.
2108 1924 2567 1989 Secundarum
2619 1944 2722 1988 re-

527 2045 672 2088 rum
704 2031 1030 2106 proventu
1059 2044 1195 2088 non
1219 2025 1390 2089 adeo
1408 2034 1462 2076 ⁷⁹
1505 2033 1887 2110 corruptus,
1908 2035 1983 2092 ut
2000 2027 2203 2092 officii
2233 2026 2723 2111 prospectum⁸0

1442 2203 1808 2225 OIMMOOO‘

471 2383 476 2386 ¹
519 2325 799 2389 posteritati
821 2325 1204 2375 memoria—73
1241 2326 1257 2352 ‘
1275 2325 1360 2374 Sic
1383 2325 1597 2390 Pighius
1618 2341 1648 2376 e
1685 2327 1839 2377 codd.
1878 2327 1981 2376 suis
2022 2327 2209 2390 edidit,
2241 2342 2339 2378 nec
2376 2329 2533 2379 aliter
2572 2329 2721 2378 Leid.

525 2391 692 2455 quint.
726 2387 892 2438 Aldus
915 2404 927 2436 :
962 2391 1090 2452 apud
1110 2393 1332 2453 quosdam
1356 2423 1368 2436 .
1391 2423 1404 2440 .
1427 2423 1440 2437 .
1464 2390 1673 2439 habitum
1699 2407 1717 2448 ,·
1750 2399 1805 2441 et
1829 2392 1905 2440 sic
1939 2393 2088 2440 multi
2113 2392 2243 2442 MsS.
2292 2392 2367 2442 At
2403 2395 2537 2443 Ultr.
2572 2393 2721 2455 prim.

521 2452 719 2504 Brand.
742 2461 980 2519 uterque,
1005 2456 1124 2503 Vet.
1162 2454 1382 2517 Herbip.
1416 2461 1472 2505 et
1511 2455 1860 2505 Chalcocond.
1899 2456 2146 2506 omittunt
2168 2458 2294 2520 apud
2311 2472 2329 2513 ,-
2360 2456 2498 2506 unde
2517 2458 2722 2521 Lipsius

522 2519 749 2583 conjecit
772 2535 786 2568 ε
827 2522 1058 2580 quondam
1087 2553 1099 2568 .
1121 2554 1133 2568 .
1157 2554 1170 2568 .
1194 2518 1424 2569 habitum.
1503 2520 1607 2567 Sed
1652 2521 1835 2569 melior
1877 2528 1960 2570 est
2003 2522 2335 2570 Freinshemii
2378 2522 2681 2584 conjectura
2706 2538 2719 2572 ε

520 2584 755 2632 Audierat
778 2585 977 2645 quodam
1007 2583 1367 2631 Tarentinorum
1390 2617 1404 2631 .
1424 2618 1437 2633 .
1460 2617 1474 2631 .
1495 2598 1751 2632 sermonem
1786 2585 2015 2649 habitum,
2052 2601 2205 2649 quam
2228 2586 2487 2648 vorstius,
2507 2586 2721 2636 Perizo-

521 2648 656 2709 nius,
692 2653 748 2695 et
785 2647 1058 2695 Torrenius
1100 2651 1243 2695 recte
1285 2646 1522 2695 omnibus
1562 2647 1678 2695 aliis
1704 2647 2011 2711 praeferunt‚
2030 2664 2285 2713 quamque
2307 2650 2476 2699 codex
2498 2651 2669 2701 Periz.
2694 2667 2725 2699 a

522 2724 673 2760 manu
698 2711 862 2773 prima
885 2712 1062 2761 habet.
1124 2712 1430 2775 Suspicatus·
1449 2726 1657 2775 quoque
1678 2712 1957 2762 Torrenius
1982 2730 1995 2762 z
2034 2714 2267 2763 Audierat
2291 2731 2320 2762 α
2338 2713 2617 2776 quibusdam
2636 2717 2724 2777 (ut

521 2775 707 2839 copes.
731 2782 784 2824 et
805 2775 981 2839 Harl.)
1014 2777 1213 2838 quodam
1235 2777 1286 2824 in
1307 2776 1518 2825 convivio
1539 2777 1903 2825 Tarentinorum
1928 2812 1942 2826 .
1959 2809 1973 2824 .
1994 2811 2008 2827 .
2030 2793 2285 2827 sermonem
2306 2778 2539 2829 habiturn.
2591 2780 2723 2828 Mox

516 2840 759 2895 arcessitos
779 2841 908 2890 Mss.
932 2840 1196 2889 sexdecim
1220 2846 1276 2890 et
1295 2840 1446 2890 editt.
1467 2853 1667 2903 omnes,
1689 2855 1791 2891 non
1810 2842 2159 2904 arcessitosque,
2179 2850 2237 2892 ut
2256 2842 2470 2903 Pighius
2486 2842 2722 2894 dederat.

523 2904 732 2953 Deinde
772 2918 911 2955 aures
943 2905 1094 2968 ipsius
1129 2904 1281 2956 codd.
1313 2905 1498 2955 decem
1520 2905 1737 2955 Torren.
1758 2920 1875 2955 cum
1900 2907 2047 2969 Mog.
2079 2920 2219 2955 aures
2236 2921 2346 2955 suas
2367 2906 2515 2955 Leid.
2538 2912 2722 2957 7.-74

523 2967 696 3017 Tamen
715 2984 778 3017 ex
791 2968 868 3016 his
885 2970 1036 3019 Harl.
1072 2971 1152 3018 Ita
1169 2984 1230 3018 ex
1243 2970 1320 3018 hie
1340 2976 1563 3033 quatuor
1587 2971 1803 3020 Torren.
1852 2970 1984 3019 Tunc
1998 2971 2149 3019 exhis
2170 2970 2369 3019 Medic.
2389 2974 2570 3021 2.-75
2606 2973 2721 3021 Me-

517 3031 620 3081 dic.
641 3037 691 3081 2.
716 3040 771 3082 et
793 3033 983 3096 Ultraj.
1007 3038 1057 3082 2.
1093 3034 1381 3083 laedam—⁷6
1415 3034 1480 3083 In
1515 3035 1693 3083 multis
1732 3034 1881 3083 codd.
1918 3034 2281 3083 terminatione
2307 3035 2518 3099 Graeca,
2542 3037 2719 3085 Molos-

517 3098 744 3145 σαι-77
780 3096 864 3144 Ita
887 3110 1066 3145 omnes
1083 3094 1200 3147 fere
1223 3096 1377 3145 codd.
1400 3103 1457 3147 et
1476 3095 1598 3147 edd.
1636 3104 1759 3147 aute
1790 3097 2053 3161 Pighium,
2089 3099 2175 3162 qui
2212 3098 2495 3161 scripserat
2529 3114 2720 3163 quoque.

516 3155 737 3221 Aliquot
769 3158 921 3210 codd.
941 3160 1162 3208 Torren.
1195 3160 1412 3209 matius
1434 3175 1530 3224 pro
1563 3162 1985 3213 moratiue-⁷8
2016 3163 2105 3212 Sic
2142 3162 2345 3212 Winck.
2385 3164 2534 3213 Leid.
2567 3171 2617 3215 5.
2663 3172 2721 3215 et

519 3222 608 3270 aiii
630 3221 890 3283 Pigbiani.
923 3238 1027 3272 cum
1043 3228 1212 3273 ornata
1228 3226 1439 3287 equitum
1459 3226 1659 3275 Brund.
1684 3232 1733 3275 1.
1757 3231 1807 3276 2.
1842 3233 1898 3276 et
1921 3227 2149 3291 quinque
2173 3226 2325 3277 codd.
2348 3228 2568 3277 Torren.
2600 3240 2723 3281 cum

516 3286 638 3333 Vct.
669 3300 773 3333 cum
786 3291 957 3335 ornatu
970 3286 1174 3336 militum
1192 3287 1379 3351 copes.
1405 3289 1604 3339 Medic.
1622 3296 1680 3340 et
1694 3291 1831 3341 alter
1854 3292 2090 3341 Perizon.
2112 3304 2217 3339 cum
2238 3296 2407 3340 ornatu
2426 3293 2719 3355 equitatium,

514 3346 1106 3465 esissiuxzsszzmas
1888 3355 2719 3484 arremarensi&

719 3449 731 3463 0
1080 3450 1098 3477 ,
2438 3446 2516 3471 .-

1503 3580 1723 3631 NOTAE

576 3714 600 3747 5
623 3706 805 3757 Parum
824 3706 1124 3770 honoratum]
1173 3709 1301 3758 Cum
1338 3708 1572 3773 Pyrrhus
1654 3706 1777 3774 fuit,
1812 3716 1871 3759 nt
1914 3708 2169 3776 Pyrrhum
2220 3711 2424 3774 probris
2481 3712 2714 3763 omnibus

509 3781 815 3831 Tarentinos
844 3782 1042 3833 idcirco
1078 3784 1214 3834 bello
1234 3784 1438 3848 ineptos
1459 3800 1571 3836 cer·
1654 3785 1937 3837 identidem
1977 3789 2303 3837 lacerarentz
2336 3801 2497 3851 quare
2520 3790 2715 3838 veritus

511 3862 678 3918 neret,
701 3857 836 3920 quod
859 3855 1155 3908 diffluerent
1189 3860 1428 3921 mollitie,
1463 3860 1572 3909 bal·
1652 3862 1760 3925 ilie,
1778 3876 1843 3912 ne
1865 3862 2153 3913 deficerent
2172 3861 2238 3912 ad
2276 3864 2562 3928 Romanos,
2585 3866 2715 3917 aiios

509 3928 728 3992 neisque
764 3938 821 3981 et
859 3932 1106 3982 conviviis
1143 3933 1299 3983 nimio
1343 3934 1458 3997 plus
1495 3935 1572 3984 in·
1655 3937 1757 3987 alia
1780 3937 1845 3986 de
1868 3953 2021 3988 causa
2044 3940 2095 3987 in
2120 3938 2336 4001 Epirum
2360 3940 2519 3991 misit.

510 4001 807 4068 dulgerent,
854 4008 1026 4058 claudi
1071 4010 1236 4072 jussit
1287 4012 1575 4076 gymnasia,
1723 4018 1745 4065 t
1780 4012 1882 4064 An.
1912 4015 1990 4065 M.
2012 4018 2159 4063 3774.
2217 4013 2305 4064 01.
2337 4019 2447 4067 125.
2474 4019 2523 4068 1.
2579 4016 2710 4066 Urb-

509 4078 667 4141 ludis,
687 4084 1165 4149 comessationibus,
1183 4092 1238 4137 et
1261 4091 1572 4152 compotati—
1654 4090 1717 4143 C.
1739 4095 1853 4142 4⁸13.
1910 4091 2037 4143 Ant.
2060 4092 2153 4143 ch.
2174 4095 2288 4142 279.

511 4152 692 4205 onibus
711 4153 982 4207 interdixit
998 4175 1013 4219 3
1037 4160 1172 4224 quod
1187 4161 1286 4211 illis
1303 4167 1407 4214 tam
1432 4178 1570 4229 aegre
