3144 4925
1117 399 1126 408 ·
1157 399 1318 448 cn.
1349 397 1417 446 v.
1465 399 1567 446 nn
1604 397 1979 448 sus‘rrru.
2530 381 2665 448 ⁶³8

473 545 728 611 odium.
745 549 796 564 '⁴
815 539 1150 608 Continuo
1179 543 1358 608 enim
1401 547 1472 606 et
1513 543 1659 606 suis
1686 542 1957 609 nuribus
1985 539 2351 620 obseratis,
2378 547 2451 606 et
2478 538 2655 608 indi-

472 649 574 712 cis
605 665 717 710 ore
745 645 1010 728 clauso,
1053 649 1076 680 ‘
1097 645 1256 710 duci
1299 663 1454 710 eum
1507 643 1597 708 ad
1648 641 2010 708 Scunmm’
2044 642 2269 726 jussit.
2354 641 2665 710 Accusa-

473 755 676 814 torem
719 750 928 813 etiam
971 766 1092 812 reo
1138 766 1263 812 sno
1313 765 1398 808 ne
1445 745 1669 810 dicam
1697 743 2123 826 diligendum,
2168 750 2351 808 certe
2388 743 2663 808 laudan·

471 849 669 914 dum:
713 869 917 933 quem
957 849 1252 932 populus
1271 855 1436 911 'cum
1461 852 1731 931 propter
1767 846 1943 911 alius
1983 846 2291 920 virtutes,
2339 851 2487 909 tum
2529 844 2660 908 hoc

469 951 744 1014 nomine
771 949 1087 1014 libentius
1116 953 1184 1014 et
1209 948 1581 1025 consulem,
1626 952 1697 1012 et
1740 963 2101 1024 censorem,
2146 953 2217 1010 et
2260 943 2663 1010 Pontificem

473 1047 670 1116 Max.
700 1050 889 1116 fecit.

554 1151 618 1215 6.
668 1149 816 1215 Nec
869 1149 1058 1215 aliter
1103 1169 1178 1215 se
1197 1157 1252 1200 ⁸⁷
1297 1149 1376 1213 L.
1421 1147 1769 1214 Crassus¹¹²
1812 1147 1882 1211 in
1928 1147 2168 1212 eodem
2203 1146 2492 1231 justitiae
2542 1167 2664 1214 ex-

469 1253 835 1334 perimento
864 1251 1095 1334 gessit.
1179 1249 1318 1314 .C.²⁸
1352 1249 1682 1314 Carbonis
1699 1259 1959 1314 ‘nomen
1984 1249 2225 1314 infesto
2256 1249 2509 1328 animo,
2556 1257 2663 1316 ut-

470 1356 634 1435 pote
682 1352 1131 1416 inimicissimi
1151 1359 1206 1404 ²⁹
1247 1352 1402 1429 sibi,
1453 1349 1785 1415 detulerat
1805 1357 1869 1412 :¹²
1911 1349 2035 1414 sed
2080 1355 2303 1414 tamen
2349 1350 2667 1416 scrinium

471 1453 670 1538 ejus,‘
693 1472 736 1516 a
767 1472 966 1518 servo
1007 1453 1287 1518 allatum
1331 1453 1418 1518 ud
1465 1473 1563 1532 se,
1616 1451 1965 1536 complura
2014 1451 2381 1530 continens,
2421 1453 2667 1534 quibus

469 1553 666 1618 facile
695 1554 982 1638 opprimi
1012 1561 1273 1638 posset,
1293 1560 1368 1619 ut
1397 1559 1540 1619 erat
1561 1554 1923 1636 signatum,
1950 1571 2103 1617 cum
2126 1571 2321 1616 servo
2343 1560 2664 1618 catenato

471 1654 560 1718 ud
585 1673 738 1718 eum
789 1655 1095 1720 remisit*
1181 1653 1340 1732 Quo
1388 1660 1595 1738 pacto
1640 1653 1837 1734 igitur
1854 1661 1906 1700 ³⁰
1948 1653 2123 1717 inter
2168 1653 2427 1717 amicos
2473 1654 2666 1736 vign-

471 1754 604 1820 isse
635 1761 795 1819 tunc
837 1756 1172 1839 justitiam
1221 1755 1583 1832 credimuS,
1626 1773 1776 1819 cum
1818 1755 1989 1818 inter
2034 1759 2468 1820 accusatores
2502 1773 2668 1837 quo-

473 1875 606 1938 que
636 1862 702 1921 et
730 1876 884 1920 reos
913 1863 1172 1922 tantum
1205 1858 1442 1922 virium
1474 1857 1849 1922 obtinuisse
1881 1855 2231 1920 videamus
2250 1856 2281 1918 ‘l

558 1957 622 2022 7.
663 1957 821 2022 Jam
855 1958 927 2022 L.
951 1959 1142 2042 Sylla
1169 1979 1303 2025 non
1331 1980 1405 2024 se
1432 1968 1575 2025 tam
1598 1957 2027 2035 incolumem,
2058 1975 2263 2040 quam
2293 1957 2668 2041 Sulpicium

473 2055 729 2122 Rufum
763 2060 1098 2141 perditum
1127 2061 1364 2139 voluit,
1404 2061 1765 2126 tribunicio
1796 2061 2014 2124 furore
2032 2068 2059 2096 ⁰
2103 2059 2253 2143 ejus
2282 2059 2427 2124 sine
2455 2059 2597 2124 ullo
2614 2067 2663 2105 ³¹

471 2147 602 2222 fine
633 2167 942 2225 vexatus.
1031 2159 1344 2227 Ceterum
1398 2183 1549 2228 cum
1598 2173 1751 2226 eum
1799 2165 2275 2246 proscriptum,
2306 2167 2377 2225 et
2402 2160 2471 2224 in
2503 2159 2670 2225 villa

474 2259 808 2341 latentem,
838 2281 880 2325 a
909 2282 1107 2329 servo
1139 2264 1474 2346 proditum
1507 2266 1967 2347 comperisset,
1992 2264 2482 2327 manumissum
2511 2281 2666 2346 par-

471 2360 775 2440 ricidam,
807 2368 882 2427 ut
918 2363 1088 2428 fides
1118 2364 1323 2429 edicti
1353 2367 1461 2429 sui
1492 2371 1837 2443 extaret‚³²
1882 2370 1904 2399 ‘
1925 2364 2337 2448 praecipitari
2363 2365 2663 2446 protinus

470 2614 488 2640 ‘
508 2614 671 2665 codd.
693 2624 816 2667 octo
838 2630 954 2667 cnm
975 2620 1119 2679 Mon.
1140 2619 1389 2669 omittunt
1411 2634 1687 2682 pronomen
1712 2636 1779 2670 se.
1811 2621 2007 2684 Ultrsj.
2048 2622 2199 2681 prim.
2223 2621 2345 2669 Hoec
2380 2621 2544 2670 aliter.
2575 2618 2671 2668 Ul·

474 2679 596 2742 traj.
615 2684 664 2731 2.
683 2682 736 2730 in
755 2683 912 2730 eodem
931 2683 1250 2743 locojmieioe
1270 2686 1608 2747 experimento.
1645 2685 1788 2733 Leid.
1810 2693 1943 2733 sext.
1960 2684 2104 2744 fecie.
2132 2684 2300 2744 gessit.
2364 2684 2527 2734 Quini
2548 2697 2669 2745 pro-

474 2756 660 2793 nomen
697 2746 936 2795 omissum
965 2745 1152 2808 sterit,
1185 2748 1306 2811 quin
1343 2756 1530 2797 tinctor
1567 2749 1869 2811 scripserat,
1910 2750 2015 2798 Nec
2047 2750 2191 2797 aliter
2233 2747 2294 2797 L.
2328 2749 2547 2808 cramus,
2584 2749 2669 2809 ξε.

461 2804 606 2865 feeit.
667 2808 772 2858 Sed
791 2816 846 2858 et
867 2810 994 2868 feeit
1017 2825 1112 2873 pro
1142 2812 1291 2873 gessit
1329 2825 1362 2860 n
1400 2812 1607 2862 librario
1640 2817 1815 2876 potest
1848 2827 1965 2863 esse
2002 2813 2359 2871 substitutum,
2390 2818 2449 2859 ut
2486 2810 2671 2859 melius

473 2870 758 2921 cohaereret
781 2872 983 2923 oratio!
1017 2874 1341 2924 monem—28
1374 2876 1422 2925 A
1446 2876 1635 2938 Pighio
1657 2878 1755 2927 hoc
1776 2884 1891 2926 est:
1926 2882 2123 2927 ceterae
2146 2875 2400 2925 editiones
2422 2888 2543 2923 cnm
2575 2874 2669 2923 ali-

473 2944 601 2998 quot
627 2936 755 2985 Mss.
783 2937 880 2985 Gn.
943 2938 1045 2986 Sed
1085 2940 1143 2988 C.
1180 2946 1328 2988 extat
1367 2954 1568 3004 quoque
1610 2942 1663 2989 iu
1696 2940 1971 2990 nonnullis.
2006 2939 2109 2989 dno
2136 2940 2248 2987 Caii
2274 2940 2402 2989 Guei
2424 2938 2669 2988 Carbonis.

475 3002 605 3047 —29
635 3000 722 3048 Sic
749 3001 875 3049 Vct.
915 3002 1062 3063 Mog.
1101 3009 1157 3050 et
1192 3003 1317 3064 pleri
1361 3018 1424 3051 ue
1460 3004 1593 3053 Mss.
1678 3004 1877 3066 Reliqui
1902 3003 2201 3053 ediderunt
2243 3014 2367 3053 aute
2403 3002 2671 3065 Pighinm,

471 3060 865 3125 inimicissimum,
897 3065 1036 3128 quod
1059 3065 1216 3114 habet
1238 3017 1381 3116 [εὖ.
1406 3068 1557 3129 prim.
1580 3067 1929 3117 inimicissimus
1952 3068 2097 3117 Leid-
2123 3068 2291 3131 quint.
2310 3074 2365 3115 et
2387 3067 2494 3115 Bit.
2517 3064 2670 3129 prim.

472 3129 604 3173 -30
636 3127 698 3175 In
722 3126 908 3190 Copes.
929 3129 1086 3191 igitur
1119 3129 1286 3179 deest.
1355 3132 1483 3180 Mox
1519 3131 1717 3181 Medic.
1756 3135 1801 3180 1.
1837 3147 1943 3181 eum
1978 3146 2083 3181 eum
2122 3131 2397 3180 istem—81
2432 3130 2519 3179 Sic
2539 3128 2665 3179 Vet-

473 3202 590 3237 cum
614 3190 847 3265 omuibus
870 3192 998 3241 Mss.
1019 3200 1074 3241 et
1097 3192 1409 3245 editionibus
1433 3194 1623 3259 Pighio
1646 3196 2036 3258 antiquioribus.
2100 3195 2335 3256 Pighius,
2357 3195 2592 3251 coleras,
2613 3200 2672 3242 et

474 3250 713 3303 vorstius
737 3256 832 3304 ullo
854 3262 1370 3319 expunxerunt.—82
1405 3260 1513 3310 Pro
1547 3266 1735 3311 extaret
1771 3260 1966 3311 Medic.
1998 3265 2045 3310 1.
2088 3264 2136 3309 2.
2169 3261 2378 3322 habent,
2413 3261 2669 3307 constaret.

473 3314 601 3366 Mox
624 3333 650 3367 e
670 3334 788 3369 saxo
809 3319 861 3369 in
886 3324 1062 3385 vulgg.
1097 3321 1190 3371 sed
1213 3337 1389 3373 omnes
1415 3322 1528 3375 fere
1550 3324 1707 3375 codd.
1731 3340 1847 3375 cum
1873 3324 2017 3389 Mog.
2060 3323 2478 3389 praepositionem
2515 3338 2541 3370 e
2580 3321 2671 3370 de-

1463 3442 1681 3495 NOTAE

535 3542 570 3569 ¹·
597 3533 656 3586 1..
679 3538 904 3601 Crassus]
937 3538 1090 3590 Anno
1122 3540 1294 3591 atatis
1322 3544 1406 3591 19.
1443 3541 1528 3590 vel
1608 3540 1963 3604 Consulatum,
1982 3542 2037 3591 in
2054 3540 2265 3591 exilium
2281 3541 2465 3591 missus
2484 3546 2585 3601 est,
2602 3554 2671 3590 ex

467 3612 552 3660 21.
595 3611 882 3662 Carbonem
907 3629 1178 3664 accusasse
1197 3616 1410 3679 dicitur,
1430 3615 1526 3665 ini·
1607 3616 1822 3665 Valerio
1836 3616 1928 3667 lib.
1951 3630 2040 3668 ιιι.
2061 3632 2107 3667 c.
2124 3622 2178 3667 ¹1.
2207 3616 2516 3666 Voluntatis
2536 3628 2672 3663 mor-

473 3685 650 3749 tioque
679 3688 928 3737 orationis
961 3691 1036 3739 ita
1071 3692 1392 3741 exanimatus
1428 3700 1526 3751 est,
1607 3698 1663 3742 te
1687 3693 1864 3755 periit,
1885 3706 1951 3741 ex
1974 3693 2227 3743 Cicerone
2246 3693 2303 3741 in
2322 3680 2519 3741 Bruto.

469 3767 531 3808 nt
553 3761 620 3813 Q.
655 3764 916 3813 Maximus
951 3764 1176 3828 Praetor,
1213 3782 1316 3832 quo
1339 3767 1526 3830 pudori
1670 3776 1694 3823 f
1720 3768 1821 3818 An.
1847 3768 1923 3819 M.
1944 3772 2091 3819 3985.
2128 3769 2219 3819 01.
2243 3772 2353 3819 165.
2374 3771 2424 3818 2.
2448 3765 2579 3816 Urb.
2605 3767 2669 3817 C.

469 3836 606 3887 illius
627 3840 938 3903 consuleret,
957 3843 1230 3893 concilium
1253 3844 1526 3895 dimiserit.
1608 3848 1724 3894 684.
1760 3844 1883 3893 Ant.
1904 3845 1999 3894 Ch.
2024 3848 2138 3895 118.

472 3910 560 3962 Its
576 3912 745 3964 refert
766 3917 954 3967 Cicero
975 3918 1027 3965 in
1043 3916 1134 3966 lib.
1155 3930 1196 3965 1.
1218 3918 1285 3967 de
1307 3917 1460 3969 Orat.
1670 3926 1695 3952 ⁸
1730 3919 1998 3969 fflbusicio
2008 3919 2201 3982 furore]
2228 3919 2421 3982 Legem
2446 3916 2585 3980 tulit,
2601 3932 2669 3967 ne

535 3993 561 4019 ⁸
582 3987 859 4051 baulme]
889 3991 1044 4044 Quod
1067 3990 1128 4041 C.
1147 3990 1388 4041 Graccho
1408 4006 1530 4042 nnc·
1608 3992 1750 4054 Sylla
1772 4000 1955 4041 contr·
1978 3991 2339 4042 Mithridatem
2363 3992 2556 4041 bellum
2580 4006 2669 4055 go-

469 4067 558 4109 tor
577 4060 762 4113 fuisset
779 4066 1082 4128 repetendoe
1103 4066 1414 4117 Tribnuieioe
1437 4082 1528 4131 po·
1608 4074 1786 4125 reret3
1825 4068 2029 4131 trisque
2066 4066 2353 4115 satellitum
2394 4065 2557 4115 millis
2600 4078 2669 4113 ex

472 4134 715 4186 testatis:
748 4140 883 4205 quod
923 4139 1162 4190 Africani
1189 4142 1370 4191 mortis
1407 4156 1528 4191 con·
1608 4141 1856 4205 Equestri
1882 4140 2083 4189 Ordine
2106 4140 2302 4203 olebat,
2334 4153 2527 4204 eosque
2544 4154 2669 4189 con·

475 4210 610 4258 scius
631 4219 792 4277 esset,
821 4214 959 4279 qnod
1001 4216 1255 4277 violenter
1284 4217 1530 4282 gessisset
1610 4222 1694 4267 trs
1716 4217 1963 4271 Senatum
1989 4216 2253 4283 appellare
2274 4222 2635 4271 consueverat.
