3144 4925
714 399 878 448 cAP.
910 399 959 446 1.
1007 399 1104 448 ne
1154 399 1669 450 nuMAmm‘rss
1717 399 1811 448 m*
1858 401 2324 451 chunrat-zris.
2495 387 2625 452 505

414 543 726 621 tissimae,
775 549 934 608 tunc
979 543 1274 621 afflictae,
1322 543 1649 608 fortunam
1698 561 1791 607 ex
1836 543 1977 608 alto
2024 549 2341 609 cerneret.
2431 543 2629 610 Cete-

423 663 566 708 rum
605 664 842 709 casum
873 644 1020 729 ejus
1049 645 1392 726 lugubrem
1417 647 1710 722 intuens,
1742 645 1971 710 fletum
2000 647 2317 711 cohibere
2344 665 2475 711 non
2502 667 2629 731 po-

419 747 566 810 tuit.
657 742 880 824 Quem
927 748 988 811 si
1020 749 1170 829 quis
1208 750 1482 830 ignarus
1507 749 1612 812 vir
1634 747 1703 804 ³⁶ae
1735 750 2147 834 aspexisset,
2177 748 2451 813 alterius
2480 750 2623 814 vic-

415 850 656 913 toriam
686 865 834 912 esse
880 849 1302 914 credidisset.
1391 850 1633 934 Itaque
1672 849 2103 935 Syracusana
2138 851 2381 916 civitas
2411 849 2627 916 maxi-

415 969 530 1015 ma
559 950 755 1015 clade
777 956 829 999 ³⁷
873 957 994 1015 tua
1031 951 1288 1034 aliquid
1336 950 1707 1017 admixtum
1758 953 2219 1035 gratulationis
2269 953 2563 1018 habuisti
2584 965 2629 1018 :⁴

417 1055 580 1136 quia
609 1055 670 1116 si
699 1053 820 1116 tibi
849 1051 1256 1118 incolumem
1277 1052 1327 1101 ³⁸
1371 1061 1553 1119 stare
1582 1055 1689 1118 fas
1718 1071 1851 1118 non
1881 1059 2042 1132 erat,
2062 1055 2297 1118 leniter
2326 1055 2456 1120 sub
2484 1062 2623 1122 tam

413 1159 765 1220 mansueto
796 1154 1056 1219 victore
1083 1155 1450 1220 cecidistis·

500 1258 569 1320 5.
614 1254 702 1333 Q.
733 1274 892 1320 vero
943 1256 1260 1322 Metellus
1283 1265 1310 1293 ¹²
1357 1256 1828 1322 Celtibericum
1878 1257 1951 1320 in
1997 1255 2340 1339 Hispania
2390 1275 2625 1340 gerens

413 1357 682 1434 bellum,
731 1377 882 1422 cum
929 1359 1153 1422 urbem
1203 1357 1672 1422 Centobricam
1692 1363 1745 1407 ³⁹
1788 1357 2155 1435 obsideret,
2200 1362 2267 1421 et
2302 1357 2451 1441 jam
2504 1358 2625 1422 ad·-

413 1465 602 1524 mota
623 1460 955 1537 machina,
987 1466 1248 1543 partem
1277 1460 1469 1535 muri,
1491 1475 1647 1540 quae
1676 1458 1827 1522 sola
1856 1458 2149 1523 convelli
2170 1463 2455 1543 poterat,
2484 1459 2623 1524 dis-

407 1561 712 1644 jecturus
741 1562 1105 1639 videretur,
1149 1560 1625 1625 humanitatem
1669 1561 2063 1644 propinquae
2100 1561 2399 1626 victoriae
2443 1581 2621 1644 prae-

415 1663 594 1726 tulit.
685 1662 870 1726 Nam
913 1681 1068 1727 cum
1110 1661 1525 1743 Rethogenis
1540 1668 1601 1710 ⁴0
1644 1661 1845 1739 filios,
1877 1663 1994 1745 qui
2029 1662 2115 1726 ad
2152 1682 2305 1726 eum
2336 1663 2619 1728 transie-

412 1770 536 1842 rat,
569 1763 1130 1829 Centobricenses
1173 1765 1502 1830 machinae
1549 1765 1805 1828 ictibus
1850 1765 2282 1850 objecissent,
2312 1783 2397 1828 ne
2428 1765 2620 1848 pueri

412 1865 482 1928 in
521 1872 891 1949 conspectu
941 1867 1156 1948 patris
1199 1865 1458 1931 crudeli
1500 1887 1739 1948 genere
1772 1868 2007 1932 mortis
2056 1872 2615 1944 consumerentur,

407 1965 831 2051 (quanquam
877 1970 1028 2052 ipse
1075 1967 1510 2050 Rethogenes
1561 1970 1852 2058 negabat
1882 1973 1904 2004 ‘
1926 1989 2077 2034 esse
2122 1969 2615 2052 impedimento,

414 2089 554 2152 quo
585 2071 804 2134 minus
843 2071 1042 2133 etiam
1094 2088 1218 2151 per
1267 2070 1520 2134 exitum
1536 2073 1590 2117 ⁴¹
1638 2057 1983 2154 sanguinis
2027 2071 2133 2134 sui
2174 2068 2619 2154 expugnatio·

411 2189 565 2235 nem
599 2167 1018 2254 peraget-eff)
1045 2171 1134 2234 ab
1165 2169 1522 2236 obsidione
1562 2172 1903 2237 discessit.
1992 2171 2151 2250 Quo
2178 2173 2449 2256 quidem
2476 2180 2615 2236 tam

411 2273 726 2337 clementi
757 2273 965 2350 facto,
993 2273 1118 2336 etsi
1149 2291 1282 2336 non
1313 2275 1515 2338 unius
1543 2273 1843 2339 civitatis
1871 2275 2149 2352 moenia,
2180 2276 2480 2340 omnium
2510 2282 2615 2340 ta-

407 2386 564 2436 men
613 2371 1090 2437 Celtiberarum
1133 2373 1397 2438 urbium
1445 2374 1712 2438 animos
1760 2367 1972 2457 cepit:
2019 2375 2370 2458 effecitque
2412 2381 2488 2440 ut
2527 2375 2617 2440 ad

409 2475 802 2557 redigendas
831 2494 952 2539 eas
979 2477 1046 2541 in
1067 2474 1384 2542 ditionem
1407 2476 1653 2561 populi
1684 2476 1886 2543 Rom.
1914 2496 2045 2543 non
2070 2477 2299 2543 multis
2328 2477 2462 2541 sibi
2494 2478 2617 2541 ob·-

409 2575 790 2639 sidionibus
820 2594 998 2663 opus
1028 2580 1251 2643 esset*

475 2774 496 2798 ⁸
517 2766 755 2819 Habuisti
773 2770 970 2835 aliquid,
989 2785 1076 2835 quo
1095 2769 1186 2821 tibi
1200 2770 1442 2833 gratulari
1455 2770 1623 2836 possis.

1551 2896 1701 2919 mo

410 2978 699 3027 debet—36
731 2974 936 3041 Lipsius
957 2977 1087 3041 legit
1122 2978 1248 3037 viri3
1279 2981 1415 3044 quod
1439 2994 1542 3031 non
1578 2983 1787 3031 omniuo
1820 2983 2111 3045 improbant
2130 2982 2341 3033 Torren-
2364 2989 2420 3033 et
2441 2986 2621 3047 Kapp-

411 3042 734 3091 Freinshem.
751 3042 816 3090 ad
834 3043 983 3092 Curt.
1002 3056 1056 3091 v.
1079 3046 1159 3093 13.
1177 3048 1257 3092 13.
1275 3046 1404 3093 veri.-
1429 3046 1623 3109 Ultraj.
1641 3051 1688 3097 1.
1708 3048 1998 3097 omittitvir
2008 3066 2028 3107 ;
2050 3050 2212 3098 ceteri
2231 3048 2383 3097 codd.
2402 3050 2618 3101 Torren.

409 3106 680 3169 vulgatum
717 3110 1072 3156 servante—3¹1
1108 3108 1324 3170 Pighius
1349 3109 1610 3171 ediderat,
1647 3110 1700 3160 in
1720 3112 1920 3161 murima
1954 3114 2089 3163 clade
2100 3128 2127 3170 ,⁶
2172 3114 2451 3163 Torrenius
2487 3126 2617 3163 vero

411 3170 676 3231 expunxit
697 3169 1116 3233 praepositionem
1153 3172 1207 3219 in
1225 3172 1290 3221 ab
1313 3173 1404 3223 illo
1426 3174 1657 3223 additam
1672 3184 1853 3225 contra
1887 3190 2065 3226 omnes
2084 3177 2236 3227 codd.
2256 3185 2314 3227 et
2336 3176 2458 3227 edd.
2478 3183 2613 3227 vett.

408 3238 542 3281 —38
574 3235 662 3285 Ita
681 3234 842 3284 codd.
863 3248 982 3284 cum
1017 3235 1144 3283 Vct.
1168 3242 1226 3283 et
1247 3236 1395 3299 Meg.
1431 3238 1651 3287 incolumi
1672 3240 1725 3287 in
1748 3241 1925 3303 vulga.
1965 3242 2101 3306 quod
2126 3243 2301 3305 placet
2324 3242 2616 3292 Perizonio.

409 3298 543 3345 Mox
565 3300 732 3347 leviter
751 3298 805 3346 in
838 3306 962 3347 octo
993 3298 1146 3348 codd.
1169 3305 1223 3348 et
1247 3301 1484 3350 omnibus
1506 3303 1627 3351 edd.
1663 3313 1854 3366 praeter
1876 3305 2003 3355 Vet.
2042 3321 2158 3369 quae
2181 3319 2299 3354 cum
2322 3305 2437 3355 aliis
2458 3304 2613 3355 codd.

411 3369 592 3410 servat
612 3363 934 3412 lenam—39
963 3362 1054 3411 Ita
1075 3377 1251 3412 omnes
1275 3364 1428 3413 codd.
1453 3366 1497 3413 si
1526 3366 1674 3416 Leid.
1690 3373 1739 3417 4.
1763 3370 2017 3432 excipias,
2050 3371 2102 3417 in
2126 3384 2227 3433 quo
2249 3370 2441 3433 legitur
2465 3368 2616 3418 Celti-

412 3424 738 3476 bricam.—40
771 3424 962 3488 UltraJ.
990 3429 1037 3474 1.
1084 3427 1313 3489 Retogeri
1331 3442 1352 3486 ,⁶
1386 3428 1534 3479 Leid.
1554 3434 1602 3477 1.
1642 3438 1699 3479 et
1739 3433 1910 3481 Bitur.
1931 3437 1982 3481 1.
2026 3433 2290 3494 Theogenis
2300 3449 2322 3490 ,·
2376 3433 2524 3483 Leid.
2560 3438 2611 3482 5.

412 3488 676 3551 Retogenis
688 3504 710 3548 ,·
739 3490 893 3539 Leid.
909 3496 958 3539 6.
981 3490 1268 3552 Rectogem‘s
1281 3506 1302 3549 ,-
1333 3492 1420 3540 alii
1456 3506 1635 3543 omnes
1676 3495 1983 3557 Rethogenin.
2046 3499 2175 3546 Mox
2215 3496 2359 3546 Leid.
2376 3503 2426 3547 4.
2462 3496 2615 3546 ceut—

410 3551 787 3603 aracusia—41
826 3554 910 3603 Ita
931 3554 1124 3604 Brund.
1144 3557 1191 3603 1.
1212 3559 1264 3604 2.
1289 3562 1344 3605 et
1367 3570 1544 3605 omnes
1576 3558 1665 3607 alii
1686 3560 1839 3609 codd.
1862 3568 2061 3622 praeter
2085 3562 2233 3611 Leid.
2259 3565 2306 3610 1.
2331 3562 2384 3609 in
2406 3575 2508 3623 quo
2530 3566 2613 3609 est

407 3617 632 3682 exitium,
667 3617 807 3682 quod
834 3632 901 3675 ex
935 3618 1145 3683 ingenio
1177 3627 1482 3683 reposuerat
1502 3620 1740 3686 Pighius,
1772 3638 1873 3674 non
1908 3625 2232 3689 improbante
2268 3626 2611 3678 Turrem—42

1383 3748 1607 3801 NOTAE

408 3840 598 3905 fertur,
617 3840 739 3891 dum
760 3848 1004 3893 cerneret
1023 3842 1206 3893 urbem
1223 3844 1472 3895 nobilissi-
1555 3848 1621 3897 de
1642 3862 1745 3912 quo
1782 3862 1925 3912 soepe
1964 3852 2136 3897 antea.
2202 3842 2521 3893 Centobrica
2556 3848 2613 3892 et

410 3931 550 3977 mam
582 3916 878 3967 tristissimo
915 3919 1068 3983 paulo
1102 3927 1222 3983 post
1241 3935 1472 3971 arsuram
1554 3923 1840 3973 Contrebia
1884 3924 2067 3973 eadem
2110 3926 2192 3971 est
2228 3920 2609 3971 Celtiberorum

411 3991 675 4043 incendio.
1555 3997 1759 4049 civitas.

479 4067 510 4096 '⁵
532 4066 634 4117 An.
657 4067 732 4120 M.
755 4072 904 4118 3842.
983 4069 1072 4120 01.
1091 4072 1206 4119 142.
1230 4071 1277 4117 1.
1343 4068 1472 4119 Urb.
1620 4079 1643 4125 'r
1667 4071 1769 4120 An.
1792 4072 1867 4122 M.
1891 4074 2035 4120 ³912.
2070 4070 2157 4121 ol.
2183 4072 2295 4121 159.
2318 4075 2368 4123 3.
2402 4069 2614 4122 Urb.c..

415 4142 476 4197 C.
499 4146 617 4199 541.
647 4141 780 4193 Ant.
802 4143 894 4193 ch.
915 4146 1032 4195 211.
1552 4148 1667 4195 611.
1699 4144 1831 4195 Ant.
1847 4144 1939 4196 Ch.
1965 4147 2080 4196 141.
2134 4205 2139 4211 ,

481 4224 506 4251 ¹²
529 4218 598 4277 Q.
631 4232 740 4268 vm
775 4218 1023 4284 Metellus]
1077 4218 1474 4285 Macedonicus,
