3144 4925
577 383 712 450 646

572 547 792 630 usque
835 542 1134 628 parentis
1173 549 1492 627 aspectus
1531 539 1785 608 bellum
1826 549 2022 610 atrox
2048 543 2328 610 salutari
2358 542 2533 628 pace
2560 552 2777 610 muta-

575 647 699 712 vit.
1669 699 1673 704 .

659 749 726 814 2.
771 747 1031 812 Eadem
1073 747 1296 830 pietas
1339 745 1600 811 viribus
1650 746 1793 812 suis
1842 745 2329 812 inflammatum
2376 746 2775 813 Africanum

579 851 1010 934 superiorem,
1028 849 1303 914 vixdum
1327 867 1537 914 annos
1563 849 1969 933 puerilitatis
1996 859 2419 933 egressum‚¹¹
2450 850 2539 915 ad
2574 871 2775 934 opem

573 953 752 1035 patri
799 953 868 1015 in
917 951 1076 1016 acie
1123 949 1464 1015 ferendam
1507 951 1685 1016 virili
1738 953 1975 1016 robore
2020 951 2323 1017 armavit.
2410 951 2775 1015 Consulem

575 1055 751 1118 enim
777 1073 932 1118 eum
961 1049 1146 1136 apud
1175 1049 1494 1118 Ticinum
1521 1053 1802 1116 fluvium
1822 1059 1875 1092 ¹²
1920 1053 2222 1118 adversis
2266 1053 2591 1136 auspiciis
2622 1069 2775 1116 cum

575 1155 962 1221 Hannibale
993 1161 1393 1239 pugnantem
1437 1155 1727 1236 graviter
1752 1155 2055 1220 saucium
2094 1159 2456 1221 intercessu
2480 1172 2611 1218 suo
2638 1171 2777 1217 ser-

572 1259 758 1323 travit
777 1256 838 1323 :b
883 1273 1104 1340 neque
1135 1257 1324 1320 illum
1367 1263 1489 1320 aut
1519 1257 1745 1322 aetatis
1772 1255 2142 1336 infirmitas,
2172 1263 2287 1321 aut
2327 1255 2587 1320 militiae
2616 1256 2777 1318 tiro-

575 1359 848 1438 cinium,
889 1366 1012 1425 aut
1051 1359 1338 1424 infelicis
1381 1358 1600 1442 praelii
1643 1359 1841 1424 etiam
1868 1365 2183 1426 veterano
2226 1360 2531 1425 bellatori
2576 1347 2775 1441 perti-

573 1461 971 1527 mescendus
1023 1463 1250 1526 exitus
1297 1462 1720 1544 interpellare
1768 1463 2004 1541 valuit,
2050 1479 2187 1548 quo
2243 1461 2465 1526 minus
2516 1460 2775 1542 duplici

1167 397 1486 448 VALERu
1534 396 2025 447 Mammium.
2072 399 2138 446 V.

573 1563 804 1644 gloria.
836 1565 1246 1648 conspicuus
1265 1568 1313 1611 ¹⁸
1373 1577 1719 1642 coronam,
1762 1564 2167 1650 imperatore
2218 1565 2419 1630 simul
2462 1568 2530 1627 et
2578 1570 2777 1647 patre
2878 1655 2885 1662 '

575 1683 664 1728 ex
693 1665 846 1748 ipsa
873 1669 1086 1730 morte
1113 1672 1336 1748 rapto,
1365 1672 1768 1742 merei-etum

655 1766 721 1832 3.
764 1761 1068 1830 Auribus
1111 1766 1250 1830 ista
1291 1771 1433 1830 tam
1475 1767 1806 1850 praeclara
1844 1767 2161 1850 exempla
2192 1768 2501 1833 Romana
2526 1767 2771 1832 civitas

573 1868 883 1950 accepit:
927 1866 1048 1931 illa
1075 1867 1241 1932 vidit
1275 1865 1576 1930 oculisve
1636 1865 1717 1930 L.
1747 1866 2007 1932 Manlio
2034 1865 2384 1952 Torquato
2404 1875 2454 1916 ¹⁵
2488 1868 2667 1932 diem
2688 1868 2776 1931 ad

572 1970 896 2054 populum
942 1967 1362 2052 Pomponius
1404 1969 1709 2032 tribunus
1754 1970 1974 2052 plebis
2014 1970 2307 2049 dixerat,
2348 1971 2531 2055 quod
2574 1983 2773 2035 occa-³

1489 2161 1857 2183 “oenone“

608 2296 710 2346 uod
735 2311 837 2346 non
861 2297 1125 2361 improbat
1146 2297 1420 2362 Kappiust
1455 2296 1657 2362 aliquot
1676 2295 1877 2346 habeut
1894 2295 2335 2346 detrectarat—ll
2371 2293 2457 2342 Sic
2475 2291 2689 2356 Pighius
2708 2305 2775 2340 ex

569 2312 832 2411 gvincket.
855 2367 911 2411 et
931 2363 1114 2412 Colon.
1149 2361 1436 2426 rescripsit.
1467 2359 1763 2424 puerilitatis
1798 2359 2066 2422 ingressum
2103 2361 2284 2421 Camp.
2325 2355 2511 2406 Atreb.
2552 2363 2773 2420 uterque

569 2423 768 2475 Brund.
791 2433 1014 2491 uterque
1033 2427 1228 2477 Ultra'.
1254 2425 1402 2477 Leid.
1426 2427 1593 2495 quint.
1630 2425 1803 2475 Periz.
1837 2427 1962 2477 Vet.
1984 2423 2207 2487 Herbip.
2230 2429 2284 2473 et
2306 2421 2448 2487 Lips.
2470 2419 2668 2471 Thann.
2686 2435 2773 2487 pus

567 2491 769 2541 benetie
787 2506 1025 2553 egressum
1047 2492 1160 2541 Sus.
1232 2494 1354 2542 ulm.
1373 2497 1428 2541 et
1460 2492 1687 2541 varietas
1708 2490 1855 2541 Leid.
1878 2496 2013 2554 sept.
2050 2487 2313 2552 pubertatis
2349 2489 2616 2549 ingressum
2651 2484 2774 2535 Ald.

568 2555 913 2605 Chalcocond.
937 2556 1079 2620 Lips.
1103 2560 1203 2606 ὅτε.
1237 2556 1453 2605 Torren.
1475 2562 1529 2603 et
1553 2556 1732 2618 Kapp.
1774 2561 1962 2615 putant
1984 2554 2250 2601 Valerium
2288 2551 2557 2615 scripsisse
2578 2567 2591 2599 ς
2628 2565 2775 2599 anuos

564 2619 829 2681 pubertatis
846 2621 1259 2681 ingressum—12
1292 2619 1544 2669 Nonnulli
1576 2618 1731 2667 codd.
1768 2618 1983 2668 Ticinum
2006 2618 2344 2681 flumem—13
2378 2616 2466 2665 Ita
2503 2614 2699 2664 Braud.
2725 2618 2773 2664 1.

568 2686 618 2733 2.
643 2697 821 2731 omnes
842 2684 1056 2734 Torren.
1077 2686 1201 2733 Vct.
1225 2690 1282 2731 et
1299 2684 1444 2746 Mog.
1498 2683 1717 2746 Pighius
1742 2697 1867 2732 vero
1888 2697 1955 2731 ex
1984 2696 2086 2731 uno
2126 2682 2309 2743 Camp.
2350 2680 2561 2742 scripsit
2590 2679 2777 2741 conspi-

566 2761 722 2797 cuam.
784 2748 934 2810 Mox,
953 2748 1144 2811 imperii
1159 2748 1304 2797 simul
1323 2753 1370 2796 et
1399 2762 1567 2797 nomen
1592 2753 1733 2810 patre
1750 2748 1948 2811 aliquot
1972 2745 2127 2795 codd.
2152 2760 2267 2797 cum
2290 2745 2417 2793 Vct.
2438 2751 2495 2793 ct
2516 2744 2661 2805 Meg.
2688 2743 2778 2791 im·

559 2812 696 2873 perio
714 2812 856 2861 simul
877 2818 923 2861 et
940 2818 1080 2875 patre
1102 2812 1206 2861 duo
1229 2810 1417 2861 Leidd.
1449 2826 1617 2860 nomen
1653 2811 1825 2873 patrioe
1859 2808 2009 2859 Leid.
2040 2814 2221 2859 6..—14
2253 2808 2402 2857 Idem
2424 2806 2570 2857 Laid.
2594 2812 2644 2857 6.
2676 2807 2775 2855 istu

565 2874 706 2936 vidit,
737 2876 914 2926 deleto
935 2877 1226 2929 oculta—15
1263 2877 1353 2925 Sic
1377 2890 1554 2924 omnes
1593 2874 1747 2924 codd.
1785 2882 1843 2923 et
1878 2874 2000 2924 edd.
2036 2881 2161 2924 ante
2200 2872 2466 2935 Pigffinm,
2506 2871 2594 2946 qui
2630 2870 2774 2919 nullo

565 2939 750 2993 codice
787 2943 1108 3005 astipulante
1145 2940 1417 2991 ediderat:
1452 2940 1514 2990 L.
1543 2940 1727 2989 Manlio
1760 2939 2035 3002 Imperioso.
2102 2938 2343 2989 vorstius
2385 2936 2620 2987 restituit
2658 2934 2775 2983 Tor-

1571 3102 1621 3151 N
1627 3102 1786 3153 0¹1·AE

1710 3244 1837 3305 liut3
1870 3244 2049 3293 Livius
2096 3253 2289 3305 tamen,
2326 3240 2531 3303 Florus,
2564 3240 2777 3290 Plutar-

1711 3320 1836 3369 chus
1894 3327 1951 3369 et
2008 3320 2096 3369 alii
2140 3318 2353 3368 Valerio
2410 3316 2771 3378 consentiunt,

567 3241 885 3307 perdidisti!
946 3244 1022 3295 Ut
1045 3244 1182 3293 enim
1204 3244 1382 3307 copias
1407 3243 1474 3293 ab
1498 3242 1629 3293 urbe

565 3314 796 3382 reduxit,
818 3318 1013 3368 invidia
1045 3321 1121 3369 rei
1163 3334 1470 3383 oppressum
1495 3322 1629 3383 peri-

563 3392 663 3441 isse
693 3392 904 3454 ferunt3
940 3394 1036 3443 sed
1069 3394 1157 3443 alii
1198 3394 1300 3443 alio
1320 3394 1464 3443 letor
1499 3394 1629 3458 iapi-

563 3468 716 3518 dibus
735 3469 980 3519 obrutum
1003 3467 1330 3533 Plutarchus,
1365 3468 1464 3519 sibi
1495 3484 1629 3519 mor·

565 3550 674 3595 tem
733 3544 1047 3593 conscivisse
1107 3544 1295 3595 Cicero
1351 3544 1404 3593 in
1451 3546 1631 3608 Laelio,

565 3617 757 3669 Fabius
777 3616 964 3668 Pictor
985 3618 1125 3683 apud
1145 3619 1348 3669 Livium
1364 3620 1426 3669 ad
1451 3634 1629 3670 senec-

563 3702 731 3746 tutem
791 3696 1090 3759 pervenisse
1143 3694 1346 3757 refert;
1407 3710 1635 3761 eumque

563 3778 755 3820 exacta
788 3776 948 3820 oetate
987 3770 1119 3819 hanc
1163 3785 1304 3833 saepe
1349 3784 1631 3833 usurpasse

561 3859 778 3895 vocem:
833 3847 849 3875 ‘
875 3846 1050 3895 Multo
1107 3844 1346 3895 miserius
1385 3846 1495 3894 seni
1537 3860 1629 3895 ex-

561 3916 704 3971 ilium
727 3920 880 3971 esse!
944 3920 1000 3971 Si
1024 3920 1138 3987 quis
1161 3920 1311 3984 plura
1329 3927 1448 3971 avet
1472 3920 1627 3984 scire,

563 3996 764 4046 Livium
794 3999 938 4062 legat
958 3997 1050 4048 lib.
1073 4010 1138 4047 11.
1158 4006 1216 4047 et
1234 3997 1502 4047 Plutarchi
1523 3996 1625 4047 Co-

564 4068 836 4125 riolanum.

627 4142 652 4177 b
683 4144 948 4197 Inter-cessa
987 4164 1069 4198 suo
1102 4148 1332 4213 servavit]
1363 4148 1497 4199 Sunt
1534 4149 1623 4215 qui

507 4226 513 4231 “
564 4234 666 4270 non
703 4235 734 4269 a
751 4217 882 4283 filio,
905 4223 998 4271 sed
1021 4238 1226 4275 asservo
1251 4234 1514 4276 servatum
1540 4239 1624 4274 ve·

1710 3410 1839 3459 quos
1886 3396 2025 3445 iuter
2058 3394 2311 3459 Polybius
2358 3406 2467 3443 rem
2497 3393 2661 3457 paulo
2691 3393 2775 3443 ‚fu-

1710 3470 1817 3519 siu‘s
1840 3470 2088 3533 explicat.
2135 3470 2300 3521 Simul
2316 3476 2375 3519 ut
2400 3476 2601 3533 patrem
2626 3470 2775 3532 gravi

1712 3542 1957 3595 affectum
1980 3546 2210 3608 vulnere,
2222 3544 2432 3610 jamque
2452 3544 2520 3595 ab
2540 3544 2776 3595 hostibus

1710 3620 2121 3670 circumventum
2162 3621 2315 3683 vidit,
2348 3620 2488 3671 illico
2526 3636 2645 3671 suos
2670 3629 2779 3670 tur-

1709 3697 1870 3745 males
1892 3696 2152 3759 hortatur,
2176 3703 2233 3746 ut
2261 3696 2476 3748 Consuli
2511 3711 2664 3759 opem
2698 3696 2775 3747 fe-

1708 3778 1857 3833 rant3
1906 3787 2123 3837 cumque
2167 3773 2243 3821 illi
2283 3778 2677 3836 cunctarentur,
2720 3772 2775 3821 iu

1708 3847 1883 3902 hostes
1928 3846 2265 3901 circumfusos
2300 3861 2489 3912 equum
2524 3847 2655 3911 egit,
2678 3862 2775 3911 pa-

1707 3926 1944 3987 tremque
1964 3922 2159 3973 liberat
2181 3940 2194 3973 :
2218 3928 2329 3971 tum
2351 3922 2601 3987 praesenti
2624 3936 2774 3985 erep÷

1706 4004 1790 4047 tus
1802 3998 2055 4062 periculo,
2071 3992 2263 4048 Consul
2275 3996 2439 4049 filiurn
2456 3999 2773 4066 salvatorem

1706 4090 1853 4125 suum
1876 4076 2044 4138 palam
2066 4074 2331 4125 salutavit.

1772 4158 1795 4205 t
1828 4148 1914 4199 An
1950 4148 2029 4202 M.
2052 4152 2197 4197 3836.
2225 4150 2315 4201 01.
2339 4154 2454 4201 140.
2473 4154 2527 4201 3.
2550 4147 2683 4199 Urb.
2708 4146 2772 4199 C.

1706 4229 1821 4275 535.
1844 4222 1976 4274 Ant..
1997 4221 2089 4275 Ch.
2114 4226 2229 4274 217.
