3144 4925
514 364 654 437 884
1119 377 1431 428 vanem!
1480 377 1776 426 MAxim
1831 376 1978 426 ms.
2021 365 2133 426 111⁴

602 527 669 592 2.
715 523 931 609 Cujus
957 530 1177 590 tamen
1207 521 1629 589 crudelitatis
1659 520 1739 588 C.
1763 520 2026 587 Marius
2053 516 2378 586 invidiam
2395 527 2449 569 ¹⁷
2498 521 2686 587 levat
2703 541 2732 588 τ

516 647 675 696 nam
721 633 797 690 et
838 625 959 690 ille
1006 626 1217 690 nimia
1260 625 1640 707 cupiditate
1685 623 2130 708 persequendi
2172 622 2505 700 inImicos,
2551 623 2734 688 iram

518 747 717 796 suam
746 726 999 792 nefarie
1028 727 1416 806 destrinxit,
1438 726 1519 791 1..
1538 725 1836 812 Caesaris
1855 724 1908 764 ¹⁸
1929 720 1955 761 f
1991 724 2364 789 consularis
2394 731 2466 790 et
2489 741 2734 789 censo-²

518 832 605 898 rii
626 830 1111 897 nobilissimum
1144 847 1391 913 corpus
1416 828 1694 910 ignobili
1723 817 1994 893 saevitia
2021 827 2444 904 trucidando,
2477 832 2548 891 et
2574 823 2731 910 qui-'

516 932 677 998 dem
692 929 871 1014 apud
898 929 1395 996 seditiosissimi
1411 937 1481 994 et
1500 929 1944 1013 abjectissimi
1959 928 2250 993 hominis
2270 930 2596 994 bustum.†
2637 927 2728 992 Id

524 1033 711 1101 enim
756 1030 1085 1096 malorum
1136 1032 1523 1098 miserrimae
1546 1039 1600 1082 ¹⁹
1639 1038 1804 1097 tunc
1856 1029 2291 1115 Reipublicae
2339 1032 2595 1108 deerat,
2647 1037 2732 1094 ut

519 1133 783 1202 Vario⁸
825 1131 1061 1199 Caesar
1093 1133 1437 1216 piaculum
1450 1139 1509 1171 ²⁰
1550 1132 1849 1198 caderet.
1937 1131 2149 1198 Paene
2192 1133 2368 1197 tanti
2415 1130 2728 1196 victorias

520 1235 673 1326 qius
700 1254 836 1301 non
863 1235 1161 1302 fuerunt:
1190 1254 1471 1319 quarum
1504 1235 1761 1300 oblitus
1787 1234 1946 1318 plus
1973 1233 2269 1298 criminis
2299 1233 2502 1310 domi,
2520 1247 2734 1316 quam·

518 1338 743 1412 laudis
770 1339 841 1402 in
870 1337 1193 1415 militia,²¹
1240 1338 1499 1404 meruit.
1586 1336 1774 1402 Idem
1822 1343 2040 1421 caput
2062 1333 2162 1398 M.
2190 1333 2474 1400 Antonii
2505 1335 2728 1399 absci-

518 1437 667 1505 sum
693 1440 869 1504 lectis
887 1445 944 1474 ²²
982 1439 1295 1505 manibus
1322 1439 1495 1503 inter
1540 1438 1789 1522 epulas
1838 1455 1964 1521 per
2011 1455 2344 1502 summam·
2389 1436 2598 1501 animi
2640 1453 2742 1500 ac‘

519 1541 873 1608 verborum
920 1540 1351 1604 insolentiam
1402 1538 1812 1622 aliquamdiu
1843 1538 2092 1602 tenuit:
2135 1537 2627 1622 clarissimique
2655 1543 2732 1601 et

521 1642 698 1710 civis
728 1646 797 1704 et
822 1642 1107 1706 oratoris
1132 1641 1457 1724 sanguine
1496 1639 1932 1705 contaminari
1959 1658 2214 1704 mensae
2253 1659 2452 1704 saera
2478 1655 2731 1723 passus

520 1750 699 1812 est.²³
790 1743 1027 1829 Atque
1052 1745 1255 1810 etiam
1287 1743 1370 1808 Ρ.
1400 1743 1724 1821 Annium,
1769 1742 1885 1827 qui
1913 1742 1987 1806 id
2015 1743 2350 1820 attulerat,
2389 1743 2464 1806 in
2503 1732 2732 1807 sinunt

522 1866 745 1926 suum,
772 1847 1059 1914 recentis
1088 1846 1300 1912 caedis
1331 1845 1640 1926 vestigiis
1668 1861 2047 1926 aspersum,
2071 1844 2355 1927 recepit.

1446 2007 1800 2030 ‘mom

522 2109 645 2162 tatis
656 2123 821 2158 namen
842 2106 964 2157 edd.
986 2113 1115 2159 vett.
1138 2109 1409 2159 Felicitatis
1431 2109 1658 2159 retinent
1679 2107 1826 2159 codd.
1849 2108 2082 2158 restitnit
2098 2108 2447 2157 Turrem—1⁷
2471 2107 2556 2157 Ita
2571 2107 2634 2156 Pi
2671 2107 2726 2157 lt.

522 2189 593 2226 ex
628 2173 778 2223 codd.
813 2180 869 2221 et
902 2174 977 2221 ita
1007 2187 1215 2236 quoque
1236 2188 1413 2222 omnes
1434 2171 1553 2222 fere
1570 2175 1790 2222 Torren.
1812 2180 1867 2222 et
1891 2174 2036 2236 Mog.
2061 2173 2368 2222 crudelitates
2382 2173 2564 2221 insidia
2587 2187 2644 2220 so
2667 2187 2728 2221 us

522 2238 679 2289 Harl.
713 2236 1038 2286 crudelitatem
1077 2238 1136 2286 C.
1168 2238 1247 2286 Μ.
1284 2237 1467 2288 invidia
1501 2238 1629 2286 edd.
1655 2245 1781 2286 ante
1811 2237 2204 2299 Pighium.—-18
2252 2237 2337 2286 Ita
2367 2235 2490 2284 iude
2529 2251 2568 2284 a
2598 2235 2734 2298 Pige

526 2303 615 2350 laio
655 2299 865 2360 editur3
923 2299 1075 2351 codd.
1130 2313 1256 2350 vero
1304 2308 1362 2349 et
1408 2301 1527 2350 edd.
1568 2309 1698 2350 vett.
1739 2301 1802 2352 G.
1841 2301 2078 2350 Coesaris:
2132 2299 2288 2349 codd.
2323 2301 2541 2350 Torren.
2587 2300 2726 2349 Gaii.

526 2367 659 2417 Mox
701 2369 841 2427 atque
881 2363 1186 2424 afflet-tissimi
1216 2365 1369 2414 codd.
1410 2365 1563 2428 Piglt.
1598 2365 1802 2414 hominis
1839 2365 1979 2415 Varii
2020 2364 2176 2414 Aldd.
2225 2364 2391 2414 Colin.
2431 2364 2636 2429 Grypb.
2671 2369 2728 2414 et

530 2428 717 2494 Stepb.
785 2428 920 2478 Varii
942 2429 1136 2478 delevit
1158 2429 1311 2495 Pigb.
1333 2443 1447 2479 cum
1472 2429 1762 2481 codd—19.
1788 2429 1876 2480 Ita
1907 2429 2060 2494 Pigb.
2081 2444 2148 2481 ex
2170 2430 2356 2493 camp.
2373 2429 2727 2481 &uenaliu-

527 2509 652 2609 ἔπιε.
720 2494 907 2542 ‘Unus
936 2493 1053 2543 cod.
1088 2494 1285 2543 Brand.
1320 2509 1416 2557 pro
1445 2495 1724 2543 miserrima·
1739 2500 1977 2543 notatum
2000 2498 2050 2543 in
2075 2496 2304 2571 maxi-gine
2331 2494 2489 2545 babet
2506 2495 2740 2545 miseria..

576 2566 727 2623 stqne
743 2558 818 2607 ita
839 2565 894 2607 et
916 2557 967 2605 in
992 2558 1110 2607 Aldi
1130 2559 1374 2609 editione.
1438 2560 1650 2615 Etmihi
1665 2573 1792 2608 sane
1811 2558 2015 2607 miseria·
2034 2573 2195 2621 magis
2212 2560 2296 2608 hic
2319 2559 2531 2622 placet!
2570 2560 2729 2609 th.

522 2624 761 2673 ‘miseriae
782 2623 932 2671 estin
955 2623 1031 2673 Co
1074 2657 1088 2671 .
1104 2629 1159 2671 et
1181 2624 1337 2673 Barb.
1354 2623 1506 2687 prim.
1527 2623 1738 2687 Reliqui
1757 2623 2054 2686 miserrime,
2069 2631 2130 2671 ut
2147 2632 2200 2671 et
2220 2624 2369 2687 Mog.
2388 2623 2524 2688 quod
2547 2637 2727 2673 verum

529 2702 645 2737 essa
679 2687 758 2735 ve!
796 2687 911 2750 ipsa
944 2638 1219 2737 verborum
1255 2688 1531 2737 collocatio
1562 2688 1804 2736 evincere
1827 2687 2054 2737 videtur.
2115 2687 2214 2737 Sic
2239 2688 2374 2736 enim
2397 2689 2594 2751 optime
2611 2693 2733 2737 tute

526 2766 643 2802 eum
673 2752 744 2812 τῷ
783 2751 1058 2800 miserrime
1095 2752 1445 2815 conjungitur,
1478 2766 1580 2799 non
1619 2766 1770 2814 eque
1801 2752 2031 2801 suaviter
2067 2766 2184 2801 cum
2219 2753 2289 2813 vei?
2308 2755 2490 2814 deerat,
2509 2754 2554 2801 si
2583 2754 2732 2817 legas

522 2814 765 2866 miser-ica!
794 2816 1150 2865 'Fortem—20
1186 2818 1201 2844 ‘
1220 2817 1306 2865 Ita
1324 2830 1391 2866 ex
1414 2815 1612 2879 aliquot
1627 2816 1759 2865 Mss.
1775 2815 2047 2881 rescripsit
2068 2816 2308 2879 Pighius.
2353 2818 2424 2866 Et
2442 2824 2587 2867 recte
2609 2831 2734 2867 meo

515 2880 738 2945 judicio.
803 2877 987 2939 Aldus,
1008 2885 1063 2929 ut
1092 2880 1228 2931 Varii
1254 2881 1419 2929 Goesar
1434 2880 1654 2943 piacula:
1697 2879 2140 2943 Chalcoeondyles
2160 2882 2316 2944 paulo
2351 2881 2553 2943 melius,
2582 2882 2734 2931 Varia

528 2944 693 2995 Goesar
705 2943 928 3008 pinetam
965 2946 1220 3007 quomodo
1243 2944 1454 2994 codices
1474 2958 1680 3009 quoque
1699 2943 1897 2995 Brand.
1962 2946 2064 2993 Sed
2089 2945 2363 3008 legendum
2395 2948 2602 2995 omnino
2623 2946 2736 3009 pia-

522 3008 693 3058 culum.
739 3010 836 3058 Est
855 3017 1028 3057 autem
1044 3010 1279 3069 piaculum
1298 3007 1611 3058 sacrificium
1630 3007 1696 3057 ad
1713 3007 2135 3059 satisfaciendum
2154 3024 2248 3072 pro
2267 3009 2530 3073 peccatis?
2571 3011 2733 3059 Vorst.

524 3074 546 3101 ⁶
559 3072 760 3136 pianda,
781 3071 917 3137 qnod
942 3083 1065 3121 ante
1091 3072 1327 3133 Pigbinm
1352 3073 1647 3136 legebatur,
1667 3078 1816 3122 extat
1832 3073 1882 3121 iu
1907 3074 2040 3124 Mss.
2059 3076 2471 3138 quatuordeeim,
2491 3081 2547 3124 et
2564 3076 2734 3124 omni-

522 3135 623 3185 bus
639 3136 963 3186 editionibus.
996 3136 1167 3186 Credo
1193 3144 1363 3187 tamen
1378 3151 1495 3186 eum
1516 3137 1706 3201 Pigbio
1726 3151 1903 3187 verum
1922 3152 2038 3187 esse
2062 3138 2338 3203 piaculum!
2371 3140 2726 3189 'sonem—21.

524 3200 714 3264 Ultraj.
736 3204 783 3249 1.
804 3206 855 3250 2.
878 3205 1027 3249 tantae
1046 3201 1275 3251 victoriae.
1344 3202 1470 3250 Mox
1506 3216 1682 3251 omnes
1721 3201 1876 3251 codd.
1912 3216 2033 3251 cum
2059 3202 2294 3252 omnibus
2316 3203 2438 3253 edd.
2459 3204 2512 3254 in
2533 3204 2728 3260 militia,

525 3263 664 3327 quod
703 3272 996 3323 mutaverat
1036 3265 1189 3327 Pigli.
1214 3266 1265 3313 in
1295 3266 1501 3327 militioe,
1535 3264 1860 3328 improbante
1895 3266 2302 3316 Torrenio.-—22
2333 3268 2416 3316 Ita
2453 3267 2648 3317 Brund.
2679 3272 2732 3318 1.

525 3332 577 3378 2.
600 3327 755 3377 codd.
774 3328 993 3377 Torren.
1010 3335 1063 3378 et
1088 3328 1241 3391 Pigh.
1264 3343 1381 3377 cum
1405 3330 1530 3380 Vet.
1554 3331 1699 3393 Mog.
1725 3336 1777 3377 et
1797 3330 2009 3380 Mediol.
2030 3332 2128 3379 suis
2147 3330 2306 3380 Aldd.
2331 3332 2499 3382 Colin.
2519 3332 2728 3396 Gryph.

526 3398 583 3442 et
602 3392 910 3456 sceptu—23
946 3392 1080 3441 Edd.
1098 3401 1229 3442 vett.
1251 3394 1425 3457 tenuit,
1447 3393 1789 3457 clarissimique
1805 3394 1924 3443 civis
1943 3396 2174 3455 sauguine
2187 3398 2502 3445 contaminari
2520 3411 2728 3446 mensam

524 3472 659 3505 suam
693 3470 890 3519 passm,-
930 3461 1074 3519 atque
1103 3456 1265 3520 etiam,
1284 3460 1365 3520 ξε.
1429 3459 1565 3508 ‘Vel
1598 3459 1714 3507 dele
1735 3460 1974 3522 copulam
1999 3459 2295 3523 adjunctam
2318 3461 2606 3527 durissimi,-
2639 3461 2724 3509 vel

524 3524 642 3586 lege
681 3535 887 3583 prorsus
917 3535 1031 3570 cum
1070 3522 1257 3583 copes.
1290 3536 1457 3584 passus
1494 3522 1600 3573 ωδ
1632 3523 1872 3573 Perizon.
1905 3526 2108 3586 ‘passas
2139 3530 2212 3579 est
2256 3522 2428 3589 reperi
2472 3526 2634 3574 etiam
2670 3524 2726 3573 in

524 3584 710 3635 Leidd.
744 3591 795 3634 6.
839 3589 888 3635 6.
928 3583 1066 3648 qnod
1108 3586 1315 3634 omnino
1357 3586 1704 3636 necessarium
1750 3587 2058 3637 videbatui-,²
2099 3588 2296 3637 Torren.
2361 3590 2495 3639 Mox
2537 3590 2731 3653 Copeu

525 3650 734 3701 Paulum
753 3649 997 3711 Annium5
1029 3649 1165 3713 quod
1189 3651 1341 3705 etiam
1376 3656 1459 3709 est
1490 3651 1541 3701 iu
1565 3650 1716 3708 Leid.
1739 3656 1790 3703 6.
1812 3651 1905 3701 sed
1930 3652 2079 3703 Leid.
2099 3656 2150 3704 1.
2175 3658 2231 3703 et
2253 3653 2382 3703 Par.
2406 3658 2453 3706 1.
2475 3654 2544 3704 P.
2569 3653 2732 3705 Anto*

1512 3786 1725 3844 NOTAE

584 3898 613 3935 ¹
636 3900 695 3961 L.
715 3900 945 3963 Coesaris]
967 3899 1073 3953 Qui
1095 3898 1235 3949 bello
1253 3900 1430 3950 sociali
1452 3900 1581 3949 mul·
1664 3914 1862 3951 summo
1907 3903 2142 3954 cruciatu
2181 3902 2402 3966 periisse
2456 3917 2616 3967 supra
2654 3918 2732 3953 ex:

525 3981 581 4025 ta
604 3974 810 4027 fortiter
830 3986 1091 4041 gesserat,
1121 3983 1177 4026 et
1204 3990 1324 4027 cum
1354 3978 1419 4029 P.
1444 3977 1586 4027 Lici-
1663 3977 1916 4027 Cicerone
1957 3978 2181 4028 diximus
2199 3995 2218 4027 a
2267 3979 2544 4028 verisimile
2583 3977 2647 4028 fit
2689 3993 2726 4026 a

524 4054 611 4105 nio
636 4054 823 4104 Crasso
843 4054 1018 4105 fuerat
1042 4056 1251 4106 Censor.
1661 4053 1884 4117 Syllanis
1907 4062 2165 4118 necatum,
2202 4068 2324 4104 cum
2345 4054 2480 4103 illius
2499 4060 2729 4103 mortem·

542 4180 546 4187 ,
590 4132 616 4180 t
647 4128 749 4179 An.
772 4132 849 4180 Μ.
882 4134 1029 4193 39⁶?-
1086 4130 1173 4191 Ol.
1207 4135 1322 4181 1⁷3.
1348 4134 1397 4182 2.
1452 4131 1586 4185 Urb.
1661 4128 1858 4177 Marius
1880 4128 2180 4181 vindicarit.
2215 4130 2302 4180 De
2317 4128 2540 4180 Antonii
2554 4135 2732 4183 morto·

526 4204 591 4254 C.
614 4207 728 4255 666.
777 4203 906 4255 Ant.
927 4206 1021 4254 Ch.
1044 4210 1126 4255 86.
1661 4208 1886 4260 diximus
1909 4224 2085 4273 supra.
2671 4206 2676 4211 ’

592 4288 619 4324 s
672 4280 741 4331 Ut
794 4280 962 4344 Vario]
1028 4282 1371 4343 Sucronensi3
1427 4297 1580 4347 quem
