3144 4925
511 393 643 462 872
1117 405 1422 455 unnim
1472 403 1763 454 MAxtm
1817 403 1959 451 ms.
1993 403 2104 450 lx.

514 571 597 616 ac
622 549 902 616 monstri
924 555 955 597 4
997 547 1213 613 simile
1244 547 1628 630 exemplum
1659 553 1786 610 est.
1875 543 2050 609 Cum
2099 548 2420 626 carpento
2437 549 2463 590 5
2507 544 2708 608 vehe-

515 661 719 730 retur,
750 656 818 715 et
846 652 928 729 is,
972 649 1087 733 qui
1128 649 1439 731 jumenta
1488 648 1754 730 agebat,
1811 645 2154 710 succussis
2195 643 2423 710 fraenis
2455 645 2708 708 consti-.-

512 755 724 828 tisset,
754 753 1112 833 repentinae
1159 768 1365 812 morae
1398 767 1672 812 causam
1710 747 2105 830 requisivit3
2151 753 2246 823 et,
2277 753 2350 811 ut
2379 753 2711 828 comperit

519 848 768 936 corpus
791 851 1006 934 patris
1040 849 1183 913 Ser.
1214 847 1422 912 Tullii
1455 849 1669 913 occisi
1699 849 1797 912 ibi
1817 848 2068 930 jacere,
2097 867 2299 930 supra
2325 846 2438 910 id⁶
2456 845 2483 882 ¹³
2525 851 2706 914 vehi-

515 956 743 1020 culum
772 954 931 1017 duci
949 951 1179 1035 jussit,
1211 971 1345 1033 quo
1372 950 1654 1015 celerius
1704 950 1772 1014 in
1802 950 2230 1032 complexum
2263 951 2702 1018 interfectoris

506 1054 653 1135 ejus
692 1052 1036 1136 Tarquinii
1066 1051 1372 1115 veniret?
1442 1049 1601 1127 Qua
1629 1057 1764 1115 tam
1809 1049 2041 1133 impia,
2088 1056 2351 1134 tamque
2382 1053 2705 1134 probrosa

508 1153 953 1230 festinatione,
983 1172 1117 1216 non
1150 1154 1368 1216 solum
1398 1171 1474 1215 se
1507 1159 1756 1216 aetema
1783 1151 2081 1229 infamia,
2103 1151 2224 1218 sed
2252 1152 2474 1235 ipsum
2495 1153 2698 1216 etiam

505 1255 728 1319 vicum
759 1254 1153 1336 cognomine
1181 1255 1455 1318 sceleris
1487 1255 2026 1319 commaculavit.

590 1363 656 1426 2.
702 1361 864 1427 Non
907 1370 1042 1426 tam
1092 1370 1289 1427 atrox
1336 1369 1437 1426 est
1483 1362 1559 1430 C.
1595 1362 1955 1427 Fimbrise⁰
1998 1362 2248 1427 factum
2295 1365 2363 1424 et
2405 1362 2700 1426 dictum:

506 1463 627 1527 sed
659 1465 717 1528 si
749 1484 868 1546 per
896 1483 968 1527 se
1000 1465 1390 1542 aestimetur,
1417 1471 1770 1548 utrumque
1795 1462 2348 1528 audacissimum.
2436 1462 2521 1526 Id
2551 1481 2702 1544 ege-

499 1573 655 1641 rat,⁷
699 1572 772 1628 ut
823 1565 1137 1629 Scaevola
1183 1565 1249 1626 in
1297 1564 1524 1629 funere
1585 1564 1661 1630 C.
1706 1564 1904 1628 Marii
1957 1564 2388 1647 jugularetur.
2481 1562 2698 1640 Quem

499 1671 859 1748 postquam
892 1684 979 1727 ex
1009 1665 1279 1728 vulnere
1310 1659 1672 1729 recreatum
1708 1667 2055 1747 comperit,
2087 1684 2410 1729 accusare
2456 1664 2545 1728 ad
2575 1682 2698 1746 po·

498 1766 729 1846 pulum
779 1766 1078 1830 instituit.
1167 1765 1622 1850 Interrogatus
1675 1767 1943 1844 deinde,
1977 1770 1996 1801 ‘
2020 1765 2188 1848 quid
2231 1767 2316 1830 de
2367 1785 2450 1829 eo
2495 1784 2696 1829 secus

498 1865 793 1930 dicturus
826 1872 1029 1944 esset,
1064 1869 1178 1930 cui
1209 1887 1330 1948 pro
1360 1869 1718 1932 sanctitate
1743 1887 1999 1932 morum
2034 1867 2202 1931 satis
2231 1866 2436 1948 digna
2463 1865 2697 1929 lauda-

496 1966 597 2030 tio
625 1966 821 2030 reddi
854 1987 984 2031 non
1030 1969 1304 2048 posset,'
1346 1968 1687 2051 respondit
1743 1973 1762 2002 ‘
1787 1988 1862 2032 se
1909 1968 2320 2050 objecturum
2354 1966 2480 2043 illi,
2513 1967 2696 2049 quod

496 2067 771 2148 parcius
815 2063 1092 2150 corpore
1140 2070 1344 2132 telum
1384 2066 1790 2150 recepisset.’
1876 2067 2288 2132 Licentiam⁸
2334 2066 2572 2132 furoris
2602 2087 2695 2131 ae-

495 2185 629 2245 grae
655 2167 1043 2248 reipublicae
1078 2170 1323 2249 gemitu
1356 2169 1926 2250 prosequendam!

580 2265 644 2328 3.
689 2265 770 2326 L.
812 2284 972 2328 vero
1000 2265 1285 2330 Catilina
1326 2268 1395 2328 in
1436 2273 1668 2331 senatu
1699 2267 1799 2329 Μ.
1833 2267 2152 2333 Cicerone
2194 2269 2572 2333 incendium
2602 2269 2689 2333 ab

491 2365 646 2445 ipso
696 2364 1063 2429 excitatum
1114 2366 1392 2446 dicente,
1425 2373 1445 2402 ‘
1477 2369 1758 2449 Sentio,’
1787 2369 2092 2452 inquit:d
2137 2375 2157 2404 ‘
2188 2376 2258 2435 et
2299 2370 2566 2453 quidem
2607 2369 2692 2433 il-

487 2662 731 2716 sceleratu,
768 2659 895 2708 utin
920 2660 1096 2709 titulo:
1136 2662 1227 2709 sed
1265 2668 1317 2709 et
1352 2662 1425 2710 sic
1450 2662 1570 2711 edd.
1598 2670 1719 2712 ante
1742 2663 1992 2725 Pigh.—4
2025 2663 2108 2711 Ita
2132 2663 2285 2725 Pigh.
2321 2677 2385 2711 ex
2428 2678 2530 2713 uno
2567 2665 2686 2717 cod.

488 2723 811 2787 improbante
834 2723 1005 2772 Gudio
1028 2741 1041 2782 ;
1077 2739 1182 2773 toce
1202 2726 1461 2787 improbum
1482 2728 1681 2774 monstri
1707 2727 1892 2789 copes.
1933 2734 1988 2775 ex
2024 2725 2170 2776 Leid.
2195 2731 2244 2775 6.
2281 2733 2488 2776 monstro
2513 2728 2560 2775 in
2584 2744 2690 2779 uno

484 2788 701 2835 Torren.
739 2786 997 2848 improbum
1035 2804 1089 2836 uc
1128 2790 1314 2837 desunt
1354 2790 1403 2837 in
1443 2792 1635 2837 ceteris
1659 2792 1806 2838 codd.
1829 2797 1882 2839 et
1907 2790 2027 2839 edd.
2049 2797 2172 2838 unte
2195 2790 2347 2853 Pigh.
2371 2792 2691 2841 omnibus.—

486 2856 515 2899 5
556 2852 676 2906 Qua·
695 2864 801 2897 cum
821 2854 1038 2911 carpento
1062 2851 1205 2911 Pige.
1231 2868 1295 2900 ex
1319 2852 1433 2901 Sus.
1458 2859 1511 2900 et
1538 2854 1707 2903 Pulm.
1739 2860 1793 2902 et
1816 2854 1962 2902 sicin
1986 2854 2176 2916 Ultraj.
2199 2858 2247 2902 2.
2284 2863 2343 2902 et
2383 2856 2523 2917 Mog.
2566 2856 2688 2911 Quae

487 2929 587 2962 nou
610 2914 803 2962 habent
825 2914 990 2962 ceteri
1012 2914 1162 2963 codd.
1186 2914 1381 2964 delevit
1416 2915 1632 2965 Torren.
1699 2916 1935 2977 Pighinm
1975 2923 2095 2965 sunt
2135 2918 2299 2966 secuti
2337 2916 2506 2966 Coler.
2528 2920 2686 2981 Thya.

488 2978 683 3039 Delph.
724 2977 905 3025 Vorst.
944 2977 1151 3027 aliie-6
1190 2978 1278 3027 Ita
1318 2981 1505 3041 Copes.
1542 2979 1814 3029 duodecim
1857 2980 2015 3030 codd.
2055 2982 2267 3030 Torren.
2307 2989 2363 3030 et
2402 2981 2522 3029 edd.
2564 2989 2686 3032 ante

488 3040 743 3101 Phthiam,
780 3040 865 3103 qui
890 3047 1182 3089 mutaverat
1206 3044 1274 3100 in,
1309 3056 1448 3105 supra
1474 3043 1714 3091 idem—7
1749 3046 1764 3070 ‘
1783 3043 1870 3092 Ita
1905 3041 2211 3107 legendum3
2245 3058 2346 3093 non
2373 3052 2430 3093 ut
2452 3044 2686 3107 Pighius,

486 3113 541 3152 et
566 3105 701 3153 hunc
722 3104 889 3151 secuti
909 3104 1127 3153 Colerns
1165 3113 1220 3153 et
1254 3106 1473 3168 Thysius
1509 3106 1743 3161 edidere,
1780 3108 1832 3155 Is
1870 3113 2048 3168 egerat.
2117 3108 2330 3156 Habent
2367 3108 2444 3156 ita
2483 3115 2686 3158 veteres

486 3168 621 3229 typis
644 3167 878 3229 expressi
902 3166 1024 3215 Aldi
1048 3175 1104 3215 et
1125 3168 1367 3217 Clialcoc.
1392 3170 1618 3234 itemque
1642 3170 1771 3219 Mss.
1804 3171 2004 3219 Brund.
2075 3170 2215 3220 Nota
2248 3172 2450 3233 phrasis
2488 3180 2568 3221 est
2601 3174 2688 3221 ‘id

482 3229 674 3292 agere,'
710 3245 804 3290 pro
842 3229 891 3276 id
934 3232 1191 3294 meditari,
1216 3231 1266 3280 id
1302 3247 1511 3295 operam
1535 3234 1678 3283 dare.
1746 3234 1998 3297 Virgilius
2022 3235 2136 3283 Ecl.
2165 3248 2248 3283 1x.
2287 3234 2466 3297 Nepos
2490 3250 2612 3284 ΧΠ.
2636 3241 2687 3285 6.

482 3294 551 3341 6!
592 3294 750 3343 Vorse.
816 3293 879 3343 Id
898 3300 1062 3353 egerat
1085 3295 1278 3343 habent
1300 3310 1482 3345 novem
1507 3298 1660 3347 codd.
1677 3297 1900 3347 Torren.
1968 3298 2021 3345 Is
2052 3302 2216 3357 egerat
2255 3303 2428 3347 tamen
2467 3299 2589 3348 Vet.
2628 3309 2685 3348 et

482 3358 627 3419 Mog.
664 3357 790 3405 Mox
835 3369 929 3417 pro
952 3356 1277 3418 jugularetur,
1322 3359 1458 3422 apud
1501 3361 1611 3410 Cic.
1650 3361 1838 3423 legitur
1875 3361 2312 3410 nutrimentum—8
2345 3360 2432 3410 Ita
2457 3361 2608 3411 codd.
2628 3369 2685 3414 et

480 3420 599 3469 edd.
620 3426 742 3470 ante
767 3419 1005 3482 Pighium
1026 3437 1040 3481 ;
1078 3422 1123 3469 0
1142 3422 1380 3471 licentiam
1400 3424 1552 3487 Pigh.
1577 3424 1745 3475 Coler.
1764 3426 1919 3487 Thys.
1937 3425 2118 3473 Minel.
2141 3424 2334 3488 Delph.
2358 3433 2415 3475 et
2438 3425 2679 3477 ‚vorste—

547 3658 570 3692 b
603 3660 760 3723 Supra
804 3660 857 3708 id
894 3659 1175 3722 vehiculum]
1239 3660 1370 3709 Cum
1402 3660 1537 3708 auri·
1685 3669 1706 3694 0
1745 3662 1802 3711 C.
1845 3661 2099 3724 Fimbria]
2158 3662 2240 3711 Ex
2279 3668 2439 3725 gente
2483 3663 2682 3727 Flavia,

482 3751 547 3798 gu
580 3737 796 3786 horrore
821 3743 1107 3785 commotus
1133 3737 1377 3798 hoereret,
1396 3736 1537 3785 illum
1621 3737 1706 3799 qui
1755 3737 1926 3786 occiso
1973 3738 2240 3800 aliquanto
2294 3744 2416 3799 post
2467 3738 2679 3787 Valerio

408 3807 417 3812 ’
480 3817 689 3875 arrepto
713 3811 903 3875 pedum
940 3810 1167 3860 scabello
1197 3811 1349 3875 petit,
1380 3812 1537 3861 incla·
1620 3812 1812 3860 Flacco
1844 3810 2092 3873 Consule,
2126 3811 2272 3874 eujus
2307 3812 2510 3874 legatus
2547 3820 2678 3874 erat,

479 3902 663 3937 mans:
696 3891 711 3916 ⁸
739 3889 859 3937 Non
884 3902 1027 3951 ages,
1054 3890 1293 3949 sceleste,
1323 3889 1406 3937 vel
1440 3902 1537 3951 per
1618 3886 1975 3935 Mithridatem
2012 3886 2272 3948 Pergamo
2304 3887 2540 3949 expulit3
2583 3889 2674 3936 sed

477 3968 735 4011 mortuum
760 3962 797 4009 Ρ
862 3962 997 4011 Haec
1023 3963 1254 4027 pluribus
1274 3963 1449 4013 Livius
1482 3969 1537 4013 et
1617 3962 1854 4009 desertus
1880 3975 1912 4009 a
1947 3962 2072 4024 suis,
2096 3961 2260 4025 ,Syllae
2290 3967 2432 4010 metu
2456 3969 2671 4011 mortem

479 4038 780 4100 Dionysius.
1613 4036 1711 4086 sibi
1735 4036 2006 4086 conscivit.

541 4110 571 4139 ⁸*
603 4112 703 4161 An.
722 4114 800 4161 M.
825 4116 973 4161 352⁰.
1008 4113 1094 4163 01.
1118 4116 1199 4162 61.
1224 4116 1272 4162 3.
1310 4112 1441 4162 Urb.
1468 4113 1529 4163 C.
1676 4112 1700 4145 ‘¹
1731 4112 1918 4172 Sentio,
1930 4112 2105 4175 inquit,
2125 4110 2231 4172 ἔγω]
2264 4111 2426 4173 Quasi
2451 4112 2529 4160 sui
2555 4126 2676 4176 pur-

473 4192 587 4238 219.
644 4186 771 4235 Ant.
798 4188 890 4237 Ch.
915 4194 1027 4238 633.
1613 4187 1768 4253 gandi
1791 4202 1948 4238 causa
1983 4188 2036 4237 in
2073 4187 2323 4236 Senatum
2362 4186 2542 4236 venit:
2581 4188 2670 4237 ubi
