3144 4925
520 362 653 428 902
1050 373 1439 423 rRAErA‘rio
1486 371 1864 422 srnrffllm
1919 370 2185 421 moun.

1356 671 1876 739 PRAEFATIO

1122 869 1667 952 STEPHANI
1750 873 2105 950 PIGHII

718 1086 1182 1154 ErrroMAE
1226 1088 1358 1152 DE
1403 1085 1966 1183 NOMINIBUS
1985 1042 2511 1151 'PRAEFIXAL

526 1323 917 1410 Vsrssans
974 1347 1125 1412 libri
1184 1366 1441 1424 omneS,
1490 1365 1658 1428 quos
1706 1345 2022 1422 vidimus,
2091 1352 2234 1410 tam
2279 1346 2719 1428 manuscripti

527 1464 731 1528 quam
778 1446 1355 1530 impressi,'nobis
1400 1453 1890 1532 repraesentant
1918 1444 2182 1510 Valerii
2238 1444 2556 1510 Maximi
2583 1444 2721 1508 hoc

526 1565 700 1629 opus
728 1547 827 1612 ita
851 1547 1042 1613 libris
1068 1567 1311 1613 novem
1337 1547 1756 1630 distinctum:
1803 1547 1875 1610 in
1903 1545 2248 1630 aliquibus
2268 1545 2499 1610 tamen
2518 1565 2717 1628 repe-

523 1648 686 1711 ritur
718 1647 1070 1732 cujusdam
1098 1649 1429 1731 epitomes
1455 1646 1921 1728 fragmentum,
1959 1648 2028 1710 in
2064 1646 2195 1712 fine
2237 1666 2573 1711 annexum
2597 1665 2720 1729 pro

524 1747 701 1812 libro
730 1748 1014 1828 decimo,
1059 1769 1333 1833 prorsus
1365 1756 1586 1813 tamen
1613 1755 1929 1814 remotum
1963 1752 2029 1812 et
2063 1749 2351 1812 alienum
2393 1749 2484 1812 ab
2525 1761 2720 1829 argu-

522 1855 743 1915 mento
800 1869 1154 1935 scopoque
1198 1851 1512 1916 librorum
1562 1851 1824 1916 Valerii
1883 1848 2194 1914 Maximi.
2303 1849 2496 1914 Nihil
2540 1850 2718 1913 enim

525 1951 709 2016 aliud
740 1951 971 2030 docet,
1015 1953 1149 2016 nisi
1192 1953 1563 2036 aliquarum
1608 1951 2156 2036 appellationum,
2199 1970 2326 2014 seu
2369 1951 2718 2014 nominum

526 2051 987 2119 Romanorum
1014 2054 1335 2119 rationes.
1424 2052 1605 2132 Quae
1637 2053 1909 2137 quidem
1939 2053 2230 2137 epitome
2259 2071 2349 2116 ex
2379 2053 2521 2116 alio·
2547 2053 2720 2116 anti-

524 2173 663 2237 quo
688 2164 967 2219 auctore
1010 2156 1299 2219 collecta
1320 2162 1421 2220 est
1450 2174 1493 2218 a
1519 2155 1566 2219 J
1568 2155 1705 2219 ulio
1738 2154 2007 2232 Paride,
2039 2153 2221 2218 sicut
2247 2153 2543 2218 nonnulli
2567 2173 2722 2236 pro-

526 2253 689 2317 dunt
717 2254 1035 2318 codices:
1066 2254 1264 2337 cujus
1289 2253 1726 2334 fragmentum
1753 2253 1881 2318 hoc
1906 2255 2234 2318 duntaxat
2261 2253 2341 2316 de
2364 2257 2721 2336 praenomi-

522 2354 720 2418 nibus
764 2361 1098 2436 repertum
1148 2354 1425 2439 quidam
1469 2355 1723 2418 librarii
1768 2356 2023 2438 priores
2071 2353 2352 2418 Valerio
2404 2353 2728 2418 Maximo

416 2542 427 2550 „
526 2454 999 2538 adjunxerunt,
1034 2464 1377 2541 tanquam
1409 2478 1498 2523 ex
1537 2457 1690 2542 ejus
1737 2457 1908 2522 libro
1952 2458 2410 2540 exemplorum
2459 2455 2732 2521 decimo

525 2563 981 2639 contractum3
1027 2560 1209 2637 moti,
1256 2566 1332 2625 ut
1379 2566 1694 2644 apparet,
1737 2560 1920 2641 quod
1969 2560 2041 2623 in
2071 2559 2308 2623 eodem
2353 2557 2723 2639 fragmento

524 2660 767 2724 citetur
793 2658 1146 2741 Valerius3
1190 2679 1321 2725 non
1351 2669 1572 2728 tamen
1598 2661 1992 2726 Maximus:
2018 2660 2198 2725 istud
2229 2660 2405 2724 enim
2433 2678 2564 2723 non
2595 2679 2720 2742 po-

522 2766 661 2824 test
686 2760 994 2825 affirmari
1020 2781 1110 2826 ex
1140 2762 1436 2846 simplici
1463 2764 1596 2828 isto
1625 2764 1912 2840 nomine,
1938 2764 2114 2827 sicut
2140 2765 2208 2827 in
2235 2750 2464 2827 multis
2488 2781 2721 2824 exem-

522 2860 829 2944 plaribus
856 2863 1201 2946 reperitur.
1288 2863 1428 2928 Sed
1455 2860 1823 2928 Antiadem
1863 2864 2077 2940 citari,
2127 2882 2330 2927 unum
2372 2862 2724 2944 exemplar

376 2984 383 2991 ·
519 2982 724 3028 manu
778 2963 1102 3047 scriptum
1155 2965 1530 3029 doctissimi
1583 2965 1655 3029 J.
1717 2964 2039 3028 Sambuci
2088 2961 2344 3046 liquide
2394 2961 2718 3039 declarat,

524 3065 1083 3145 quemadmodum
1114 3085 1240 3129 suo
1270 3067 1422 3131 loco
1454 3066 1757 3131 dicemus
1801 3067 1870 3129 in
1901 3064 2471 3131 annotationibus.
2559 3063 2606 3128 J
2609 3084 2718 3127 am

522 3164 919 3234 addiderunt
950 3168 1151 3232 alium
1206 3187 1515 3245 errorem,
1544 3169 1676 3250 ‚qui
1713 3166 1789 3231 C.
1819 3167 2075 3232 Titium
2128 3166 2446 3240 Probum,
2489 3165 2720 3228 nescio

522 3284 745 3347 quem,
775 3276 849 3331 ut
875 3267 1072 3351 hujus
1103 3269 1431 3352 epitomes
1458 3260 1795 3334 auctorem
1817 3268 2272 3353 protulerunt3
2317 3264 2389 3330 id
2416 3266 2598 3349 quod
2627 3286 2716 3329 ex

519 3364 717 3448 hujus
760 3365 1115 3448 fragmenti
1165 3369 1295 3433 fine
1334 3374 1580 3435 temere
1627 3366 2082 3454 depromsisse
2120 3368 2447 3433 videntur.
2537 3366 2719 3431 Nam

518 3466 817 3549 idipsum
875 3468 1414 3551 praefatiunculae
1484 3471 1903 3535 librariorum
1961 3469 2222 3555 judicio
2276 3470 2720 3535 diversimode

521 3568 832 3634 confictae
860 3570 1087 3652 palam
1112 3570 1372 3636 faciunt
1400 3576 1532 3635 tam
1563 3573 1715 3655 ipso
1745 3573 1946 3657 stylo,
1986 3592 2186 3657 quam
2209 3573 2396 3658 quod
2423 3572 2720 3649 alterius,

522 3675 597 3733 ut
628 3689 752 3736 suo
778 3672 984 3737 modo
1012 3673 1395 3757 loquuntur,
1444 3675 1932 3741 abbreviatoris
1978 3676 2382 3741 mentionem
2413 3672 2718 3739 afferunt.

522 3770 661 3836 Eas
688 3777 911 3839 autem
941 3773 1110 3839 duas
1154 3774 1223 3839 in
1269 3777 1503 3859 primis
1530 3777 2026 3861 discrepantes,
2072 3796 2233 3841 mox
2273 3796 2422 3841 cum
2477 3775 2716 3839 eodem

520 3873 850 3955 epitomes
880 3876 1245 3959 fragmento
1286 3878 1804 3961 subjungemus3
1850 3878 2160 3960 quamvis
2213 3877 2393 3945 clare
2434 3876 2716 3960 liqueat,

519 3994 657 4039 non
682 3996 833 4043 esse
861 3976 1123 4043 Valerii
1156 3977 1472 4058 Maximi,
1498 3979 1739 4062 et-ejus
1769 3985 1998 4045 auctor
2025 3997 2227 4044 verus
2257 3978 2478 4044 adhuc
2505 3978 2572 4041 in
2595 3977 2718 4040 ob·

522 4095 723 4143 scuto
750 4079 983 4145 lateat.
1067 4077 1385 4145 Attamen
1398 4126 1403 4131 -
1416 4080 1580 4163 quia
1607 4082 1788 4165 sapit
1813 4081 2274 4164 antiquitatem
2322 4099 2457 4144 non
2496 4080 2719 4143 ineru-

522 4176 753 4258 ditam,
802 4187 872 4245 et
899 4181 1305 4249 scholiorum
1330 4184 1485 4249 loco
1509 4182 1832 4249 studiosis
1877 4184 2125 4251 servire
2171 4182 2416 4268 poterit
2459 4180 2546 4246 ad
2590 4177 2718 4244 lin-
