3144 4925
622 471 783 520 cAr.
814 470 956 520 xu.
1002 469 1099 518 nn
1146 469 1525 519 mom-mus
1575 470 1729 518 Non
1779 471 2288 524 VULGARIBUS.
2396 459 2528 528 883

434 611 503 676 8.
547 610 771 676 Fortis
824 609 1022 693 hujus
1077 628 1291 675 mors:
1351 609 1618 674 illorum
1667 610 2084 692 perridicula.
2183 611 2528 681 Cornelius

352 713 531 780 enim
575 710 819 775 Gallus
868 709 1241 792 praetorius,
1308 719 1375 774 et
1417 709 1497 774 Τ.
1552 709 1876 774 Haterius
1919 729 2125 794 eques
2175 711 2524 778 Romanus

356 815 526 878 inter
552 830 747 876 usum
786 810 1067 894 puerilis
1092 819 1142 861 ¹⁹
1183 809 1475 876 Veneris
1525 811 1818 876 absumti
1863 816 2034 875 sunt.
2121 809 2526 895 Quanquam

356 931 669 996 quorsum
697 911 935 975 attinet
962 929 1193 974 eorum
1223 910 1525 976 cavillari
1551 911 1715 988 fata,
1759 929 1929 994 quos
1971 929 2106 976 non
2139 912 2349 976 libido
2381 933 2528 991 sua,

356 1012 473 1078 sed
499 1012 877 1094 fragilitatis
900 1011 1205 1076 humanae
1233 1011 1404 1076 ratio
1436 1011 1747 1075 abstulit!
1836 1010 2003 1075 Fine
2048 1029 2337 1095 namque
2365 1015 2528 1080 vitas

354 1122 599 1180 nostrae
640 1113 841 1177 variis
886 1119 955 1176 et
1002 1113 1278 1177 occultis
1320 1112 1546 1176 causis
1590 1111 1930 1194 exposito,
1975 1112 2323 1192 interdum,
2371 1133 2527 1198 quae

356 1213 573 1296 [sunt]
615 1212 1103 1289 immerentia,²⁰
1150 1211 1443 1294 supremi
1467 1212 1592 1276 fati
1620 1212 1886 1276 titulum
1912 1222 2252 1296 occupant
2272 1213 2329 1278 f·
2377 1234 2528 1280 cum

358 1315 570 1396 magis
609 1315 681 1377 in
724 1319 985 1396 tempus
1014 1313 1245 1379 mortis
1271 1313 1591 1391 incidant,
1641 1331 1838 1396 quam
1867 1313 2086 1395 ipsam
2111 1320 2394 1379 mortem
2427 1333 2530 1379 ar-

359 1418 647 1480 cessant.

1252 1544 1638 1595 nx'rmmA.

445 1663 507 1726 1.
554 1651 724 1727 Sunt
759 1669 829 1727 et
878 1669 1173 1730 externae
1217 1669 1465 1729 mortes
1494 1664 1709 1745 dignae
1757 1671 2106 1730 annotatu-
2194 1664 2435 1744 Qualis
2466 1667 2536 1731 in

360 1763 595 1846 primis
624 1761 881 1841 Comae,
913 1783 1111 1848 quem
1155 1763 1377 1827 ferunt
1420 1765 1700 1828 maximi
1730 1764 2057 1828 latronum
2100 1764 2293 1829 ducis
2337 1764 2536 1831 Cleo-

361 1864 466 1927 nis
484 1870 533 1901 ²¹
558 1859 584 1898 ¹‘
627 1864 888 1928 fratrem
920 1864 1145 1928 fuisse.
1235 1863 1309 1926 Is
1340 1865 1513 1928 enim
1541 1865 1630 1929 ad
1663 1863 2012 1948 Rupilium
2036 1867 2373 1930 consulem
2405 1865 2536 1930 En-

363 1983 541 2043 nam,
574 1983 775 2046 quam
802 1964 1154 2046 praedones
1185 1970 1549 2043 tenuerant,
1577 1967 1648 2028 in
1674 1973 2080 2049 potestatem
2111 1972 2406 2032 nostram
2435 1987 2535 2032 re-

364 2067 709 2142 dactam,²²
736 2065 1117 2148 perductus,
1147 2084 1300 2128 cum
1330 2065 1417 2128 de
1444 2066 1699 2130 viribus
1741 2073 1810 2130 et
1851 2068 2202 2131 conatibus
2228 2067 2542 2148 fugitivo-

364 2185 507 2230 rum
533 2165 1066 2246 interrogaretur,
1098 2170 1314 2229 sumto
1342 2171 1645 2247 tempore
1694 2165 1782 2229 ad
1831 2185 1906 2229 se
1938 2166 2404 2247 colligendum,
2432 2185 2543 2240 ca,-

366 2271 491 2348 put
513 2265 806 2348 operuit3
851 2264 1251 2346 innixusque
1297 2265 1578 2346 genibus
1627 2284 2013 2348 compresso
2066 2265 2325 2346 spiritu,
2372 2267 2546 2330 inter

364 2366 555 2448 ipsas
584 2365 929 2432 custodum
952 2383 1214 2439 manus,
1242 2364 1440 2445 inque
1461 2369 1828 2445 conspectu
1852 2364 2094 2426 summi
2117 2363 2399 2445 imperii,
2427 2384 2547 2427 ex-

367 2471 609 2549 optata
632 2466 988 2529 securitate
1018 2462 1429 2547 acquievit.²³
1449 2466 1473 2513 t
1515 2462 1902 2545 Torqueant
1927 2482 2000 2525 se
2027 2464 2273 2539 miseri,
2302 2464 2548 2545 quibus
2639 2516 2649 2521 .

370 2565 689 2649 extingui,
733 2582 933 2649 quam
970 2582 1320 2646 superesse
1368 2562 1606 2627 utilius
1658 2568 1785 2639 est,
1844 2561 2184 2643 trepido²4
2225 2569 2291 2625 et
2341 2563 2548 2626 anxio

353 2811 395 2867 s
431 2756 454 2823 g
485 2748 731 2799 Interam
760 2747 993 2811 maan,
1022 2760 1124 2809 qua
1151 2744 1286 2795 nobis
1317 2744 1440 2793 nihil
1467 2749 1743 2807 nocuerunt,
1771 2742 1993 2795 dmum·
2021 2758 2162 2793 cum
2191 2744 2361 2793 mnis
2378 2748 2552 2793 nostre

394 2826 531 2863 ame.

1280 2882 1641 2907 “mum

375 2984 552 3019 omues
573 2970 702 3019 Mas.
726 2972 783 3019 et
802 2967 948 3019 editt.
968 2972 1099 3017 vett.
1119 2966 1333 3030 habent,
1350 2966 1588 3029 Pighius,
1625 2969 1786 3017 solum
1821 2968 2013 3018 Cauch.
2042 2972 2267 3028 secutus,
2288 2966 2563 3029 expunxit,

375 3032 467 3081 sed
511 3033 789 3082 Torrentius
842 3030 1125 3080 revocavit.
1208 3030 1315 3078 Pro
1368 3030 1604 3082 Haterius
1655 3033 1854 3097 aliquot
1908 3033 2129 3081 Torren,
2179 3030 2558 3081 Heteriuse-zo

376 3094 562 3146 Atreb.
598 3101 654 3144 et
686 3094 894 3145 Gembl.
929 3108 1035 3157 quoe
1074 3092 1404 3150 immerentia3
1442 3100 1497 3143 et
1530 3095 1606 3143 sic
1647 3108 1778 3143 unus
1810 3095 2004 3144 Brand.
2047 3101 2104 3143 et
2139 3093 2369 3143 nonnulli
2408 3092 2561 3141 codd.

375 3156 599 3208 Tou-ren.
622 3171 635 3183 ·
661 3160 875 3222 quedam
910 3157 1203 3207 inmerentia
1236 3156 1419 3217 Camp.
1459 3163 1518 3205 et
1559 3158 1711 3220 pauci
1750 3159 1960 3207 Torren.
1994 3156 2132 3221 quod
2171 3157 2370 3219 recepit
2407 3155 2560 3219 Pigh.

376 3236 480 3285 qm
499 3222 795 3272 inmerentia
814 3227 927 3271 sunt
948 3221 1168 3285 Copes.;
1191 3234 1293 3282 qnae
1312 3224 1421 3267 cunt
1440 3219 1733 3273 inmerentia
1752 3220 1950 3271 Brand.
1968 3221 2115 3270 alter.
2139 3225 2194 3269 et
2214 3220 2287 3268 sic
2308 3220 2485 3269 Vorst.
2506 3224 2563 3267 et

375 3286 593 3335 Torren.
766 3290 879 3335 sunt
900 3298 1003 3334 non
1031 3282 1224 3333 habent
1256 3281 1413 3332 Aldd.
1438 3283 1605 3333 Colin.
1631 3283 1830 3347 Gryph.
1855 3289 1911 3332 et
1933 3284 2115 3346 steph.
2145 3284 2161 3310 ‘
2184 3282 2347 3332 Uncis
2383 3282 2565 3332 inclusi

376 3352 507 3409 unt,
533 3364 635 3414 quo
694 3364 723 3398 a
746 3349 979 3411 plurimis
1010 3346 1175 3408 abest,
1208 3352 1263 3395 et
1286 3346 1556 3396 commode
1581 3346 2019 3407 subintelligitur?
2050 3348 2210 3407 Kapp.
2279 3346 2396 3395 Hoc
2419 3345 2566 3395 malit

378 3411 556 3461 delere
592 3412 963 3461 Peritum-21
992 3410 1080 3461 Sic
1112 3410 1237 3459 Vet.
1276 3410 1423 3469 Mog.
1456 3409 1649 3472 Ultraj,
1671 3414 1721 3460 2.
1753 3416 1813 3458 ’et
1844 3409 2048 3459 Winck.
2103 3408 2346 3458 Proxime
2372 3408 2566 3457 abeunt

382 3474 571 3537 Ultraj.
596 3480 644 3523 1.
666 3481 724 3523 et
741 3474 923 3537 Camp.
943 3474 993 3522 in
1052 3473 1199 3522 nibus
1222 3479 1301 3522 est
1320 3474 1514 3523 Elem
1526 3489 1548 3531 ,-
1589 3474 1676 3523 alii
1709 3473 1864 3523 codd.
1887 3486 2005 3523 cum
2027 3471 2146 3521 edd.
2169 3477 2296 3521 vett.
2317 3470 2567 3531 Diogenis.

382 3540 512 3587 -asn
546 3537 666 3587 Hoc
698 3540 964 3586 revocavit
1041 3550 1211 3585 orren.
1244 3550 1362 3585 nam
1406 3535 1576 3585 Coler.
1614 3545 1672 3586 et
1708 3538 1886 3586 Vorst.
1916 3550 1984 3584 ex
2012 3550 2111 3586 uno
2132 3535 2268 3583 Dan.
2293 3533 2566 3599 dederant,

384 3601 789 3651 Em....reaam
803 3615 824 3658 ‚·
861 3600 1045 3663 reliqui
1080 3598 1235 3648 codd.
1270 3600 1813 3651 {inflammationem
1866 3599 2032 3648 Paulo
2053 3606 2174 3661 post
2197 3599 2384 3659 copes.
2404 3596 2573 3644 nixu·

384 3678 472 3726 que
488 3664 833 3725 ‘aihum—23
867 3662 955 3710 Ita
978 3662 1203 3711 restituit
1224 3662 1396 3709 Vorst.
1414 3662 1657 3714 ear-codd.
1680 3668 1736 3713 et
1755 3661 1876 3712 edd.
1898 3668 2029 3712 vett.
2047 3661 2224 3725 quievit
2245 3660 2397 3721 Pigh.
2414 3660 2570 3720 Thys-

386 3727 575 3775 Coler.·
595 3726 790 3789 Delph.
826 3724 1011 3774 Minel.
1050 3722 1288 3773 alit—24
1321 3723 1462 3773 Dan.
1497 3726 1690 3793 Ultraj.
1710 3730 1761 3781 2.
1793 3732 1903 3779 tres
1926 3725 2114 3774 Leidd.
2141 3724 2289 3774 Harl.
2312 3729 2365 3771 et
2384 3724 2570 3784 Copon-

386 3790 639 3854 intrept'do,
680 3788 818 3838 unde
855 3788 1029 3838 Coler.
1081 3788 1135 3836 ia
1170 3787 1355 3849 trepido
1392 3786 1652 3850 disjuncte
1689 3797 1748 3839 ut
1784 3788 1842 3840 in
1878 3789 2024 3851 Meg.
2058 3788 2188 3841 Mox
2209 3799 2339 3835 unus
2359 3793 2414 3834 et
2438 3786 2572 3837 alter

1367 3912 1581 3964 NOTAE

391 4010 603 4075 quentia
622 4016 719 4074 est,
741 4008 1103 4059 devorabatur.
1151 4008 1240 4078 1²⁸1
1260 4008 1445 4059 Cicero
1522 4010 1662 4061 bello
1683 4022 1944 4061 servorum
1960 4014 2017 4057 et
2039 4005 2246 4071 Rupilio
2262 4004 2380 4055 vide
2400 4003 2492 4055 lib.
2509 4018 2577 4055 11.

393 4090 447 4138 in
467 4089 646 4138 Bruto.
1433 4096 1441 4104 ‘
1524 4099 1575 4135 c.
1596 4088 1647 4133 7.
1667 4098 1720 4134 n.
1739 4088 1788 4134 8.

458 4161 485 4195 ¹¹
520 4162 729 4225 cumis]
772 4159 876 4215 Qui
913 4162 1242 4226 septuaginta
1273 4176 1447 4213 servo·
1589 4167 1612 4213 t
1639 4156 1740 4207 An.
1757 4157 1836 4207 M.
1859 4160 2004 4206 8922.
2038 4153 2125 4206 01.
2148 4158 2260 4205 162.
2285 4157 2332 4207 1.
2364 4150 2495 4203 Urb.
2514 4151 2576 4207 C.

397 4251 506 4291 mm
534 4237 693 4287 millia
714 4238 766 4287 in
793 4238 975 4289 Sicilia
996 4238 1295 4302 collegerat.
1358 4238 1449 4287 De
1525 4238 1642 4285 ⁰81.
1687 4231 1814 4282 Ant.
1835 4231 1932 4281 ch.
1954 4234 2066 4282 131.
