3144 4925
600 347 772 396 cAe.
805 346 884 394 11.
930 346 1028 395 nn
1073 343 1502 395 sumu-run
1547 348 1795 399 moris
1840 348 1995 399 Aur
2042 348 2322 401 Mons,
2492 336 2627 402 679

423 488 551 555 sed
591 495 869 569 ornat03
933 506 1022 553 an
1059 488 1409 573 locupleti,
1455 490 1576 555 sed
1594 497 1653 538 ⁵4
1712 508 1949 573 parum
1991 492 2301 575 probato,
2330 494 2621 563 colloca·

425 592 568 655 ret?
657 588 782 655 Cui
809 592 892 669 is,
921 594 942 623 ‘
964 588 1201 667 Malo,’
1237 590 1476 673 inquit,
1516 596 1534 624 ‘
1557 590 1776 657 virum
1828 592 2131 673 pecunia,
2170 612 2369 676 quam
2416 614 2620 679 pecu-

423 692 606 756 niam
635 691 782 758 viro
829 689 1285 772 indigentem.’
1371 689 1528 769 Quo
1556 692 1745 757 dicto
1781 693 2375 773 stultummonuit,
2404 703 2481 761 ut
2508 716 2619 779 ge-

421 812 647 857 nerum
673 793 926 876 potius,
957 811 1164 877 quam
1191 792 1466 858 divitias
1491 794 1713 876 generi
1741 795 2035 877 legeret.†

513 893 619 957 10.
660 892 827 976 Age,
859 893 1166 979 Philippi
1192 912 1398 977 vquam
1421 895 1791 978 probabilis
1820 896 2135 978 epistola,
2155 896 2227 960 in
2254 916 2391 979 qua
2410 897 2619 963 Alex·-

425 994 700 1059 andrum
743 996 1157 1077 quorundam
1201 995 1651 1063 Macedonum
1696 996 2228 1062 benevolentiam
2270 998 2621 1080 largitione

429 1094 518 1159 ad
545 1114 622 1159 se
655 1096 982 1161 attrahere
1009 1104 1328 1161 conatum
1357 1098 1458 1161 sic
1499 1097 1873 1179 increpuit:
1921 1101 1942 1130 ‘
1970 1096 2147 1175 Quae
2177 1103 2265 1176 te,
2294 1098 2413 1177 fili,
2446 1100 2619 1166 ratio

423 1196 498 1261 i'n
523 1194 694 1261 hanc
723 1203 866 1261 tam
892 1216 1134 1263 vanam
1161 1216 1352 1281 spem
1382 1198 1667 1274 induxit,
1694 1204 1769 1263 ut
1796 1217 1919 1263 eos
1950 1200 2070 1265 tibi
2100 1200 2333 1267 fideles
2358 1200 2623 1267 futuros

420 1297 872 1377 existimares,
901 1318 1070 1382 quos
1117 1300 1408 1381 pecunia
1457 1299 1547 1364 ad
1588 1318 1879 1364 amorem
1916 1302 2019 1365 tui
2047 1302 2493 1384 compulisses
2516 1305 2546 1367 ‘i
2578 1322 2623 1367 a

425 1398 698 1463 caritate
742 1399 923 1464 istud
969 1395 1391 1483 praestatur.'‡
1476 1398 1577 1464 At
1600 1418 1763 1465 vero
1808 1406 1963 1465 ante
2005 1400 2360 1485 Philippus
2375 1409 2427 1449 55
2476 1422 2619 1468 ma-

413 1499 574 1582 jore
601 1519 690 1565 ex
717 1505 910 1583 parte
937 1507 1266 1567 mercator
1295 1499 1615 1578 Graeciae,
1645 1519 1845 1583 quam
1873 1501 2107 1567 vietor.

514 1602 620 1665 11.
666 1602 1072 1667 Aristoteles
1123 1609 1352 1667 autem
1413 1601 1886 1667 Callisthenem
1910 1610 1938 1639 ¹²
2002 1602 2373 1668 auditorem
2424 1622 2621 1668 suum

424 1701 516 1767 ad
545 1700 1011 1769 Alexandrum
1039 1702 1378 1767 dimittens
1395 1700 1450 1748 5⁶
1491 1702 1771 1781 monuit,
1819 1707 1841 1739 ‘
1864 1711 1943 1767 ut
1968 1723 2123 1767 cum
2154 1724 2237 1768 eo
2278 1709 2395 1769 aut
2420 1705 2623 1769 raris·

426 1803 616 1880 sime,
637 1812 760 1869 aut
789 1823 991 1887 qnam
1007 1804 1496 1887 jucundissime
1523 1804 1947 1887 loqueretur:
1992 1824 2129 1887 quo
2150 1805 2411 1869 scilicet
2432 1806 2623 1887 apud

426 1904 645 1986 regias
679 1924 870 1969 aures
897 1906 1008 1969 vel
1053 1905 1318 1969 silentio
1374 1906 1603 1980 tutior,
1657 1904 1767 1967 vel
1810 1922 2111 1967 sermone
2156 1910 2341 1968 esset
2384 1924 2621 1989 accep-

425 2003 598 2069 tior?
709 2003 807 2069 At
861 2005 975 2069 ille
1026 2005 1188 2068 dum
1247 2001 1709 2069 Alexandrum
1770 2002 2217 2069 Macedonem
2264 2006 2549 2071 Persica
2566 2016 2624 2057 57

425 2106 836 2181 salutatione
906 2106 1302 2190 gaudentem
1373 2103 1701 2187 objurgat,
1768 2111 1838 2169 et
1902 2104 1990 2169 ad
2058 2105 2549 2173 Macedonicos
2568 2108 2621 2155 5⁸

423 2224 649 2272 mores
687 2207 974 2273 invitum
1021 2224 1342 2271 revocare
1386 2204 1715 2269 benevole
1769 2213 2174 2289 perseverat,
2222 2208 2462 2291 spiritu
2508 2228 2621 2274 ca-

1553 2396 1705 2417 om

423 2506 604 2558 multis
627 2505 780 2556 codd.
795 2507 1009 2556 Torren.
1032 2513 1090 2555 nt
1108 2521 1178 2555 sae
1186 2521 1250 2570 pe
1273 2505 1550 2556 amit—54
1571 2503 1997 2569 conjunctionem
2015 2503 2098 2552 sed
2118 2503 2363 2553 omittunt
2385 2505 2624 2558 undecim

425 2571 583 2622 codd.
604 2571 821 2620 Tor-ren.
843 2575 900 2619 et
914 2570 1037 2620 Vet.
1061 2577 1116 2619 et
1151 2571 1224 2620 sic
1248 2571 1417 2619 edidit
1448 2571 1808 2634 Pighius.-65
1842 2567 1858 2594 ‘
1876 2567 1963 2616 Ita
1995 2581 2111 2615 cum
2136 2567 2269 2615 Aldo
2302 2567 2467 2618 edidit
2497 2571 2624 2634 Pig-

425 2637 561 2700 hius,
595 2636 788 2683 nullam
813 2649 878 2683 ex
901 2635 1030 2684 Mss.
1055 2634 1160 2683 suis
1187 2636 1378 2684 variam
1401 2635 1683 2683 lectionem
1708 2630 1943 2692 afferens,
1975 2645 2089 2679 cum
2134 2639 2304 2678 tamen
2343 2631 2497 2683 codd.
2534 2635 2621 2684 hic

430 2700 561 2752 adeo
586 2699 809 2748 varient.
872 2698 1062 2762 Copes.
1087 2698 1221 2748 Dan.
1244 2699 1442 2747 Brand.
1465 2704 1703 2762 uterque,
1739 2696 1911 2759 plures
1936 2695 2193 2756 Torrenii,
2212 2695 2334 2742 Vct.
2370 2709 2465 2758 pro
2497 2711 2623 2759 pra.

427 2765 588 2814 ἑῦαἰατ·
611 2762 803 2811 habent
819 2767 974 2824 pater.
1041 2763 1113 2810 Et
1136 2776 1230 2825 pro
1253 2761 1324 2811 Ae
1347 2777 1458 2810 vero
1478 2766 1590 2810 ante
1614 2761 1694 2810 vel
1715 2773 1831 2808 avus
1851 2758 1949 2819 eius
1970 2773 2074 2818 rex,
2104 2767 2161 2806 ut
2185 2758 2369 2820 copes.
2406 2760 2488 2808 vel
2508 2774 2624 2809 anus

430 2834 489 2877 nt
508 2825 704 2876 Brand.
729 2827 813 2874 vel
835 2841 970 2874 avus.
988 2841 1037 2874 o.
1061 2833 1122 2875 ut
1141 2828 1276 2874 alter
1297 2825 1494 2874 Brund.
1515 2826 1601 2874 vel
1637 2829 1689 2872 at
1710 2836 1819 2872 vero
1841 2837 1955 2872 avus
1992 2822 2106 2883 ἠαε,
2139 2822 2226 2870 vel
2260 2828 2315 2870 at
2348 2836 2459 2870 vero
2492 2837 2626 2886 avus,

427 2892 582 2940 velet
601 2904 738 2952 avus,
769 2890 850 2938 vel
875 2903 1053 2953 quoque
1073 2895 1122 2938 et
1141 2904 1273 2951 avus,
1308 2891 1387 2939 vel
1409 2903 1523 2938 avus
1541 2902 1667 2938 vero.
1734 2887 1887 2936 Unde
1912 2887 2127 2935 Colerus
2144 2884 2394 2946 conjicit:
2431 2887 2478 2934 A
2501 2888 2625 2936 cari-

427 2961 529 3006 tate
567 2956 715 3004 istud.
769 2954 924 3004 Pater
959 2967 1068 3001 vero
1090 2954 1367 3015 Philippus,
1397 2967 1551 3016 quam
1588 2951 1939 3014 conjecturam
1958 2949 2191 2998 Vorstius
2224 2949 2443 3012 probat3
2476 2951 2625 3000 Peri-

432 3019 610 3068 zonius
634 3031 759 3066 vero
781 3017 918 3066 inter
941 3017 1069 3065 alia:
1108 3019 1171 3066 ad
1207 3032 1412 3065 amorem
1452 3017 1524 3066 tui
1558 3015 1853 3078 compulisses
1885 3028 1943 3062 ac
1980 3012 2247 3062 caritatem.
2312 3013 2453 3061 Istud
2488 3020 2626 3076 pater·

427 3083 528 3142 eius
565 3082 840 3143 Philippus.
905 3081 977 3129 Et
1019 3079 1094 3130 sic
1135 3081 1420 3129 Torrenius
1452 3081 1720 3128 Valerium
1764 3078 2033 3140 scripsisse
2078 3075 2282 3126 credit!
2331 3079 2627 3140 Kapsa—56

429 3147 679 3210 Plerique
697 3144 851 3194 codd.
871 3143 1085 3193 Torren.
1107 3145 1316 3192 mittens.
1383 3144 1514 3192 Mox
1536 3149 1591 3191 ut
1614 3143 1764 3191 deest
1784 3143 1836 3189 in
1859 3143 1992 3189 Dan.
2016 3141 2204 3202 Copes.
2230 3155 2331 3190 uno
2352 3141 2545 3189 Brand.
2569 3149 2627 3192 et

428 3211 609 3274 paucis
630 3209 760 3258 aliis.
825 3207 1047 3260 Quidam
1070 3206 1266 3258 hebent
1283 3222 1389 3256 cum
1409 3222 1464 3256 eo
1479 3213 1801 3268 «tamquam,
1817 3211 1902 3253 aut
1922 3204 2189 3253 rarissime.-
2222 3205 2371 3266 item,
2385 3211 2469 3254 aut
2488 3219 2628 3256 mro.-

429 3289 569 3338 quom
606 3272 850 3322 rarissime
889 3271 1081 3321 habent
1115 3272 1368 3322 editiones
1413 3274 1535 3318 ante
1575 3269 1835 3332 Pighium,
1868 3268 1958 3317 sed
1989 3269 2297 3352 paucissimi
2339 3269 2627 3320 eodm—6?

431 3337 584 3386 Hanc
605 3337 730 3386 lect.
749 3336 899 3389 codd.
921 3341 978 3384 et
999 3335 1222 3399 antiquis
1245 3335 1364 3383 edd.
1387 3333 1662 3395 firmatam,
1692 3333 1958 3382 revocavit
2000 3333 2212 3382 sorren.
2251 3347 2366 3382 cum
2408 3333 2627 3396 Pighius

429 3401 684 3462 dedisset,
712 3400 903 3449 Persica
930 3399 1270 3448 Macedonum.-
1308 3398 1499 3460 Ultraj.
1522 3401 1568 3446 1.
1606 3397 1751 3446 delet
1787 3397 2109 3457 Macedonem,
2144 3404 2201 3446 et
2240 3405 2426 3461 postea
2465 3397 2627 3449 habet

429 3465 713 3514 salutatione
736 3464 1040 3513 Macedonica
1056 3480 1076 3521 ,·
1109 3463 1301 3525 Uitraj.
1322 3467 1372 3512 2.
1403 3477 1519 3512 cum
1550 3461 1736 3523 Pighio
1767 3460 1898 3521 legit
1921 3461 2231 3509 Macedonum
2241 3477 2262 3519 ,·
2294 3460 2387 3509 sed
2427 3462 2625 3512 Medic.

433 3534 482 3578 1.
505 3536 563 3578 et
587 3529 732 3577 Leid.
754 3532 802 3577 2.
826 3529 1020 3576 Persica
1047 3527 1352 3576 Macedonem
1368 3542 1390 3584 ,-
1422 3526 1607 3587 ceteri,
1642 3525 1950 3572 Macedonem
1989 3524 2334 3573 Persica—58
2366 3525 2453 3573 Sic
2491 3525 2626 3575 bene

431 3593 670 3656 reposuit
705 3592 946 3640 vorstius
996 3605 1092 3652 pro
1126 3591 1380 3654 Pighiano
1421 3589 1668 3650 maiorm.
1734 3589 1863 3636 Mox
1900 3587 2038 3635 idem
2082 3586 2294 3636 benevole
2338 3589 2624 3650 revocavit,

431 3657 574 3720 quod
593 3657 810 3720 Pighius
831 3655 1305 3712 contradicentibus
1328 3655 1476 3704 libris
1501 3660 1844 3718 expunxerat.
1890 3650 2099 3701 Deinde
2122 3665 2219 3714 pro
2234 3653 2437 3700 salubris
2456 3653 2627 3701 Bitnr.

1427 3798 1642 3848 NOTA-2

497 3935 520 3982 'r
555 3929 656 3980 An.
679 3929 758 3979 M.
777 3932 924 3978 3577.
965 3926 1052 3978 01.
1073 3931 1155 3977 75.
1177 3930 1227 3977 4.
1265 3925 1400 3975 Urb.
1424 3925 1486 3974 C.
1633 3929 1658 3956 ¹¹
1682 3921 2037 3984 Callisthenem]
2068 3920 2279 3970 Genese
2302 3919 2625 3984 Olynthium,

433 4011 548 4058 2⁷6.
570 4007 694 4056 Ant.
719 4005 815 4055 ch.
831 4009 952 4056 476.
1567 3998 1868 4050 Aristotelis
1906 3997 2131 4060 affinem,
2146 3998 2316 4046 virum
2334 4012 2531 4050 summa
2554 4000 2627 4052 di-

501 4089 526 4140 ss
557 4080 662 4134 An.
683 4081 761 4130 Μ.
786 4083 936 4129 3776.
960 4078 1045 4130 01.
1068 4081 1181 4128 125.
1203 4081 1254 4128 3..
1273 4073 1405 4128 Urb.
1429 4075 1490 4125 C·
1569 4074 1722 4128 cendi
1744 4075 1995 4127 facultate
2014 4072 2313 4137 praeditum.

433 4161 549 4208 415.
567 4155 694 4207 Ant.
711 4155 809 4206 Ch.
831 4159 944 4204 2⁷7.
