3144 4925
565 364 694 427 654
1150 380 1467 427 vamum
1520 380 1811 430 ΜΑΧιΜι
1868 380 2005 427 ms.
2040 380 2141 429 vi.

652 526 718 589 7.
765 523 988 608 Atque
1029 532 1102 589 ut
1149 525 1566 589 nobilitatem
1610 524 1941 589 beneficio
1992 524 2408 607 poenitentiae
2458 526 2759 609 seipsam

566 627 1034 693 admonuimus
1076 628 1431 710 respicere,
1453 627 1550 691 ita
1574 635 1625 677 ¹⁹
1669 628 1906 690 altiora
1947 626 2146 689 modo
2195 645 2321 688 suo
2354 644 2617 709 sperare
2646 649 2761 692 au-

567 750 680 796 sos
723 729 1210 795 subtexamus!
1293 729 1399 793 Ti.
1431 727 1743 793 Aufidius
1766 736 1821 765 ⁸0
1850 748 2001 793 cum
2046 727 2333 791 Asiatici
2378 730 2637 810 publici
2659 737 2708 768 ²¹
2736 740 2764 776 ⁸

565 832 882 917 exiguam
941 829 1293 895 admodum
1365 830 1757 913 particulam
1822 830 2186 905 habuisset,
2244 836 2489 913 postea
2545 835 2759 895 totam

566 933 808 999 Asiam
835 931 1300 1016 proconsulari
1345 932 1621 1013 imperio
1669 931 1983 995 obtinuit.
2073 931 2221 995 Nec
2252 932 2573 1015 indignati
2604 940 2762 996 sunt

567 1036 738 1099 socii
782 1032 926 1116 ejus
969 1051 1202 1115 parere
1242 1030 1566 1108 fascibus,
1598 1051 1796 1115 quem
1833 1031 2051 1095 aliena
2094 1032 2448 1097 tribunalia
2483 1035 2761 1098 adulan-

564 1144 697 1203 tem
729 1136 1057 1200 viderant.
1147 1132 1384 1198 Gessit
1407 1133 1611 1195 etiam
1642 1153 1717 1196 se
1735 1138 1789 1167 ²²
1833 1133 2252 1213 integerrime
2281 1141 2485 1216 atque
2530 1136 2759 1218 splen-

565 1238 936 1315 didissime,
989 1255 1206 1318 eoque
1258 1235 1464 1297 modo
1481 1240 1530 1279 ²³
1581 1232 2088 1309 demonstravit,
2135 1234 2490 1316 pristinum
2524 1238 2759 1321 -quaes-

565 1346 706 1404 tum
751 1358 947 1403 suum
990 1338 1304 1417 sortunae3
1327 1353 1646 1419 praesens
1695 1353 1853 1398 vero
1896 1332 2236 1416 dignitatis
2280 1337 2755 1407 incrementum

564 1442 861 1507 moribus
887 1441 1108 1525 ipsius
1137 1438 1452 1522 imputari
1481 1437 1771 1501 deberes

648 1543 715 1607 8.
760 1540 856 1606 At
885 1540 968 1605 P.
1005 1538 1371 1623 Rupilius¹⁸
1397 1559 1528 1604 non
1570 1538 1997 1620 publicanum
2040 1539 2111 1602 in
2156 1539 2393 1604 Sicilia
2432 1542 2589 1622 egit,
2632 1541 2754 1606 sed

565 1662 812 1727 operas
831 1649 890 1689 ²4
917 1642 1296 1725 publicanis
1313 1639 1516 1704 dedit.
1594 1639 1787 1703 Idem
1806 1646 1858 1687 ²5
1888 1640 2192 1705 ultimam
2214 1642 2509 1724 inopiam
2536 1638 2753 1721 suani,

557 1750 918 1811 'auctorato
968 1743 1178 1811 sociis
1220 1741 1486 1820 officio,‘
1506 1744 1946 1807 sustentem-its
2032 1740 2147 1806 Ab
2176 1742 2304 1807 hoc
2333 1744 2755 1826 postmodum

629 1939 652 1972 ὅ
671 1942 830 2003 Atque
863 1941 984 1988 sicut
1021 1939 1344 1989 admonuimus
1362 1935 1558 1997 nobiles,
1598 1942 1654 1986 ut
1682 1935 1858 1997 seipsos
1886 1902 2199 1997 intuerentur,
2220 1952 2308 2000 quo
2316 1937 2517 1997 facilius
2545 1937 2756 1985 meliores

550 2003 681 2081 fiunt
702 2006 857 2079 dolore
876 2005 989 2052 υἱέα·
1007 2002 1144 2066 prius
1169 2004 1288 2050 male
1309 2005 1427 2049 aetoe
1440 2016 1458 2049 .·
1489 2001 1561 2049 ita
1580 1999 1839 2058 referamus
1859 2014 1951 2061 eos,
1970 2000 2050 2063 qui
2071 2001 2178 2049 ausi
2199 2007 2309 2049 sunt
2328 2016 2517 2065 sperare
2539 2016 2625 2051 sua
2645 2017 2753 2050 con-

555 2068 966 2195 ‚azwgifs‘t'aegsil
989 2131 1194 2194 inopiam
1213 2144 1345 2179 suom
1364 2128 1512 2193 officio
1529 2127 1589 2175 ab
1610 2126 1765 2176 alieno
1779 2126 2065 2177 auctoritate
2084 2130 2387 2193 dependente.

565 2354 694 2399 ——18
726 2351 816 2401 Sic.
852 2352 995 2401 Dan.
1029 2357 1086 2399 et
1119 2350 1359 2399 undecim
1382 2348 1489 2410 alii,
1511 2364 1629 2399 cum
1653 2349 1891 2398 omnibus
1914 2354 2035 2399 ante
2060 2350 2302 2413 Pighium
2328 2351 2552 2401 excusis.
2575 2352 2751 2400 odoles-

563 2421 740 2466 centem
773 2416 1008 2480 Pighius,
1046 2417 1256 2465 Colerus
1289 2421 1343 2465 et
1384 2414 1647 2464 Vorstius.
1716 2415 1841 2464 Mox
1882 2428 1976 2478 pro
2011 2416 2249 2477 voluisset,
2282 2415 2419 2480 quod
2452 2418 2589 2466 solus
2614 2416 2755 2467 Dan.

563 2495 680 2529 cum
703 2482 956 2530 nonnullis
975 2481 1095 2530 edd.
1119 2480 1348 2534 exhibet.
1368 2480 1609 2529 maluisset
1632 2495 1697 2527 ex
1715 2479 1951 2528 omnibus
1971 2479 2123 2528 codd.
2144 2481 2359 2544 aliisque
2377 2481 2498 2530 edd.
2523 2482 2757 2530 restituit

563 2546 915 2595 Turrem—19
929 2545 1093 2594 Codd.
1109 2545 1612 2608 Gronovii,quinque
1622 2544 1871 2604 Torrenii,
1888 2545 2032 2606 Mog.
2051 2552 2107 2593 et
2122 2546 2241 2596 Vet.
2253 2545 2520 2595 nobilitatis
2534 2545 2755 2610 beneficio

558 2624 610 2671 p.
633 2624 674 2658 s.
697 2611 734 2658 i.
757 2611 1010 2659 admonita·
1029 2611 1278 2673 respicere,
1298 2610 1396 2657 nisi
1419 2608 1554 2671 quod
1581 2607 1665 2659 ed.
1688 2609 1831 2670 Mog.
1866 2613 1922 2656 et
1946 2607 2083 2657 Ultr.
2106 2605 2219 2659 θεοί
2236 2611 2464 2660 retinent
2486 2611 2559 2658 ito
2588 2617 2645 2658 et
2668 2610 2757 2658 lia-

571 2673 696 2722 bent
709 2675 981 2738 resipiscere
996 2691 1012 2724 .·
1047 2675 1191 2722 Leid.
1215 2679 1264 2722 5.
1288 2674 1581 2722 nobilitatem
1601 2673 1822 2721 admonui
1840 2673 2071 2733 respicere
2086 2673 2197 2732 ito,-
2228 2675 2425 2723 Medic.
2447 2679 2495 2724 2.
2520 2680 2572 2722 et
2592 2674 2755 2726 Barb.

564 2742 613 2788 1.
637 2751 733 2801 pro
757 2754 804 2787 v.
829 2740 860 2788 Ι.
879 2738 1168 2788 admonitam
1189 2738 1441 2802 respicere.-
1476 2738 1705 2786 Gronov.
1728 2737 1861 2799 conj.
1882 2735 2123 2785 nobilitati
2145 2738 2186 2787 b.
2208 2753 2255 2800 p.
2276 2752 2317 2785 s.
2336 2739 2371 2785 i.
2390 2739 2642 2787 admonita
2678 2753 2757 2787 re-

560 2802 956 2864 spicere,oltioro,
976 2805 1054 2865 ξε.
1076 2809 1136 2852 ut
1157 2803 1223 2850 sit
1244 2802 1483 2852 transitio
1499 2802 1818 2863 talis,qualis
1837 2813 1964 2849 νιιι.
1985 2804 2063 2848 14.
2084 2807 2131 2850 5.
2150 2803 2288 2865 quod
2311 2817 2486 2850 verum
2510 2804 2755 2865 opinatur

560 2867 855 2928 Torrenius‚
875 2879 929 2916 at
950 2869 1001 2916 in
1026 2875 1173 2916 tanta
1194 2866 1436 2916 librorum
1455 2865 1811 2928 discrepantia
1828 2866 1879 2912 in
1906 2871 2103 2913 textum
2118 2879 2217 2915 non
2236 2881 2389 2916 ausus
2407 2876 2487 2916 est
2506 2867 2756 2930 recipere.

561 2930 712 2979 Lect.
734 2937 959 2981 nostram
980 2931 1189 2980 firmant
1211 2932 1360 2980 multi
1384 2930 1538 2979 codd.
1565 2937 1624 2979 et
1646 2928 1765 2977 edd.
1791 2935 1917 2977 vett.
1956 2928 2162 2978 Deinde
2186 2931 2333 2979 Harl.
2356 2935 2564 2992 spectare
2584 2947 2723 2980 ausos
2736 2948 2754 2988 ,-

561 2994 748 3044 Leidd.
771 3000 820 3046 4.
841 3001 892 3045 5.
913 3000 1203 3045 ausus—20
1236 2996 1374 3044 Titus
1395 2994 1619 3059 Aufidius
1639 2994 1889 3042 νει-21
1928 2993 2009 3040 Ita
2031 2995 2154 3042 Vet.
2186 3009 2302 3043 cum
2343 2997 2524 3058 Canip.
2547 2995 2753 3044 Winck.

563 3058 746 3108 Colon.
777 3058 961 3109 Atreb.
996 3074 1128 3108 unus
1163 3060 1359 3109 Brand.
1399 3066 1456 3108 et
1493 3058 1643 3106 multi
1676 3058 1890 3106 Torren.
1959 3055 2125 3106 Aldus
2149 3073 2272 3107 vero
2295 3060 2461 3109 edidit
2482 3060 2753 3123 publi-coni,-

562 3121 710 3186 Mog.
731 3124 946 3174 Venett.
969 3124 1185 3172 Mediol.
1218 3127 1269 3172 3.
1299 3130 1355 3172 et
1387 3122 1536 3171 Leid.
1569 3127 1619 3171 4.
1654 3122 1907 3184 supplicii,·
1944 3122 2099 3170 Bai-b.
2121 3125 2167 3172 1.
2190 3129 2247 3171 et
2269 3123 2437 3172 Βίων.
2464 3127 2512 3172 l.
2545 3124 2755 3172 Asiatici

559 3184 817 3237 bella—‘22
849 3187 938 3236 Ita
959 3202 1135 3237 omnes
1153 3187 1308 3237 codd.
1334 3202 1450 3237 cum
1473 3187 1597 3234 Vet.
1618 3191 1675 3233 et
1708 3187 1851 3249 Mog.
1888 3185 2057 3234 Gessit
2088 3201 2139 3234 se
2160 3187 2303 3236 etiam
2326 3188 2377 3236 in
2410 3191 2583 3250 vnlgg.
2621 3189 2753 3238 Mox

562 3249 756 3312 Ultraj.
769 3254 816 3298 1.
835 3255 883 3300 2.
909 3258 963 3299 et
981 3252 1128 3314 Mog.
1147 3257 1285 3312 atque
1298 3249 1705 3313 splendidissime,-
1729 3248 1885 3298 Aldd.
1901 3249 2069 3298 Colin.
2087 3251 2288 3314 Gryph.
2312 3253 2495 3316 steph.
2512 3255 2611 3300 διο.
2634 3266 2751 3300 cum

561 3313 740 3362 multis
765 3314 917 3364 codd.
951 3329 1008 3362 ac
1034 3316 1555 3378 splendidissima—23
1581 3312 1737 3362 Aldd.
1768 3313 1977 3376 miroque
2008 3314 2059 3362 id
2080 3318 2234 3376 modo,
2256 3317 2390 3380 quod
2411 3325 2492 3365 est
2513 3317 2671 3364 etiam
2696 3317 2749 3363 in

551 3377 722 3426 Barb.
741 3383 787 3427 1.
812 3383 860 3428 2.
879 3380 1068 3428 Plures
1083 3379 1552 3442 Torren.qnoqucid
1570 3381 1705 3426 modo
1717 3393 1736 3434 ,-
1762 3378 1909 3427 Harl.
1932 3379 1984 3426 iu
2004 3383 2139 3426 modo
2156 3396 2175 3436 ‚·
2198 3381 2390 3443 Ultraj.
2410 3381 2559 3443 prim.
2577 3395 2754 3442 quoque

559 3441 683 3490 idem
699 3445 831 3492 modo
841 3459 862 3501 ‚·
881 3444 1023 3507 Mog.
1041 3443 1227 3506 Ultraj.
1248 3458 1352 3492 sec.
1369 3457 1484 3491 cum
1503 3441 1702 3490 duobus
1719 3441 1868 3492 Leid.
1882 3457 2021 3504 eoque
2034 3445 2184 3492 modo.
2199 3445 2359 3493 Porro
2375 3450 2602 3506 quoestum
2616 3459 2755 3492 suum

559 3504 868 3556 confirmant
883 3509 1011 3558 Mss.
1035 3515 1236 3558 tantuin
1256 3523 1358 3557 nou
1380 3520 1554 3556 omnes
1576 3521 1691 3554 cum
1715 3506 1857 3568 Mog-
1879 3507 2012 3555 Von.
2032 3507 2250 3557 Mediol.
2274 3508 2463 3558 deinde
2481 3510 2611 3558 Mss.
2642 3509 2752 3570 ple-

560 3569 960 3686 {iziffiszffisst
984 3571 1486 3686 ”gffiiff‘tssux‘
1503 3570 2753 3698 33³3:“83332221‘534’2055‘32122‘22‘'riflss‘ssssfi·

451 3723 457 3730 -
557 3699 712 3748 codd.
727 3714 901 3750 omnes
921 3701 1177 3761 Pighiani,
1202 3701 1395 3749 Brand.
1423 3705 1469 3749 1.
1491 3702 1541 3749 2.
1561 3699 1685 3746 Vet.
1710 3707 1765 3746 et
1788 3699 1933 3762 Mog.
1958 3700 2149 3749 habent
2165 3716 2332 3763 operas
2344 3717 2364 3759 ‚-
2398 3709 2455 3750 et
2476 3701 2551 3750 sic
2572 3701 2751 3750 Chalc.

557 3769 617 3812 et
641 3765 859 3829 Herbip.
881 3767 972 3815 sed
992 3767 1208 3816 Venett.
1231 3769 1280 3814 3.
1302 3768 1350 3814 4.
1371 3771 1429 3814 et
1452 3764 1506 3812 M
1513 3763 1670 3812 ediol.
1688 3766 1737 3812 3.
1758 3767 2021 3826 opum—25
2056 3763 2143 3814 Ita
2166 3779 2343 3814 omnes
2366 3765 2518 3816 codd.
2544 3765 2747 3829 Lipsius

1546 3892 1759 3942 NOTAE

551 4029 556 4034 .
625 3998 649 4032 ⁸
683 3991 889 4041 Asiatici
913 3992 1110 4056 publici]
1143 3991 1380 4054 Vectigal
1421 3989 1615 4040 dicitur
1692 3992 1807 4039 680.
1826 3988 2059 4041 Annon.
2083 3995 2165 4040 72.

553 4068 578 4112 .‘
599 4067 902 4127 publicum!
967 4069 1053 4118 Ita
1087 4069 1272 4118 Cicero
1305 4067 1374 4117 ad
1403 4068 1469 4119 Q.
1511 4069 1614 4116 tra·
1756 4062 1780 4096 '¹
1814 4066 1879 4114 P.
1926 4068 2148 4129 Rupilius
2182 4066 2452 4130 [Rutilius]
2486 4067 2620 4116 Vide
2653 4067 2747 4118 lib.

564 4149 696 4188 trem
719 4157 731 4188 ι
767 4143 782 4169 ⁴
803 4141 1036 4192 Publicis
1058 4145 1190 4193 male
1203 4143 1497 4194 redemtis?
1693 4153 1755 4190 n.
1777 4155 1825 4190 c.
1850 4145 1897 4190 7.
1922 4156 1975 4190 n.
1998 4147 2044 4192 ³.
2068 4143 2117 4191 in
2141 4157 2243 4208 quo
2270 4157 2533 4194 servorum
2558 4145 2748 4194 bellum

629 4213 658 4243 ⁶
684 4215 782 4266 An.
809 4216 884 4266 M.
909 4221 1053 4266 3981.
1089 4219 1177 4268 01.
1203 4223 1312 4268 176.
1330 4223 1378 4268 4.
1401 4219 1524 4269 Urb.
1550 4219 1609 4269 C.
1692 4218 2027 4266 narravimus.
