3144 4925
462 395 611 442 mn.
650 395 714 441 V.
754 395 914 444 cAP.
950 395 1000 442 1.
1047 395 1146 444 DE
1193 395 1711 446 HUMANU'ATB
1762 397 1853 445 ΒΤ
1900 398 2365 447 CLEMENTIA.
2450 385 2583 452 ’499

364 539 668 604 maxime
701 541 969 622 probeS,
999 540 1150 624 ejus
1179 548 1405 604 tamen
1431 541 1925 606 commendatio
1968 561 2367 626 ptaecurrere
2394 545 2576 612 vide·

367 650 503 720 tur,
533 642 642 706 cui
670 661 916 706 nomen
947 661 1040 706 ex
1069 643 1224 724 ipso
1256 641 1528 708 numine
1547 650 1568 690 ³
1618 645 1971 727 quaesitum
2000 643 2153 708 est.⁸
2574 695 2583 710 .

453 747 521 809 1.
567 743 748 809 Ante
802 745 1032 810 omnia
1091 749 1362 809 autem*
1401 745 1887 812 humanissima
1932 749 2003 809 et
2056 745 2577 816 clementissima

363 852 642 911 senatus
685 853 842 911 acta
882 846 1185 933 referam.
1277 846 1439 927 Qui,
1468 868 1625 913 cum
1676 846 2320 930 Carthaginiensium
2368 847 2577 932 legati

367 948 458 1012 ad
487 947 803 1031 captivos
829 949 1259 1014 redimendos
1280 957 1306 986 ⁸
1349 950 1416 1012 in
1449 950 1697 1016 Urbem
1729 951 2089 1028 venissent,
2116 951 2425 1032 protinus
2452 953 2578 1032 his,

367 1048 559 1116 nulla
602 1052 895 1133 pecunia
941 1058 1234 1134 accepta,
1289 1051 1583 1117 reddidit
1620 1053 1928 1137 juvenes,
1972 1071 2317 1116 numerum
2368 1051 2577 1122 duum

365 1151 654 1216 millium
709 1158 778 1217 et
827 1153 1390 1236 septingentorum
1445 1155 1891 1238 quadraginta
1941 1155 2136 1219 trium
2192 1153 2575 1238 explentes,

365 1251 667 1317 Verum
713 1258 968 1318 tantum
1013 1254 1310 1320 hostium
1355 1258 1727 1322 exercitum
1760 1256 2139 1330 dimissum,
2168 1261 2421 1322 tantam
2462 1277 2575 1340 pe·

368 1356 633 1419 cuniam
685 1360 1112 1434 contemtum,
1163 1363 1270 1421 tot
1321 1356 1645 1422 Punicis⁶
1690 1356 1953 1441 injuriis
2004 1356 2271 1422 veniam
2324 1355 2573 1436 datam,

365 1455 560 1538 ipsos
589 1456 860 1538 legatos
909 1456 1338 1540 obstupuisse
1369 1458 1672 1536 arbitror,
1718 1477 1802 1522 ac
1848 1477 2077 1522 secum
2124 1457 2417 1522 dixisse:
2462 1463 2483 1494 ‘
2510 1457 2573 1524 Ο

363 1555 884 1636 munificentiam
913 1559 1124 1639 gentis
1154 1556 1505 1635 Romanae,
1539 1558 1837 1622 Deorum
1874 1558 2275 1640 benignitati
2302 1577 2574 1642 aequan-

364 1657 557 1722 dam!
605 1656 666 1720 Ο
697 1657 896 1722 etiam
925 1664 1214 1723 nostram
1249 1659 1651 1742 legationem
1682 1679 1883 1742 supra
1902 1664 2057 1724 vota
2084 1659 2384 1724 felicem!
2413 1678 2571 1724 nam

361 1759 551 1841 quod
597 1759 998 1824 beneficium
1045 1780 1386 1844 nunquam
1437 1759 1909 1838 dedissemus,⁷
1960 1759 2390 1843 accepimus!
2480 1760 2573 1825 11-

365 1861 482 1924 lud
511 1879 786 1944 quoque
815 1880 944 1925 non
979 1881 1265 1945 parvum
1309 1862 1743 1928 humanitatis
1772 1868 2045 1927 senatus
2089 1861 2407 1928 indicium
2440 1871 2569 1928 est.

365 1962 754 2045 Syphacem
771 1961 798 2000 '³
840 1963 1012 2026 enim
1055 1965 1391 2046 quondam
1445 1963 2024 2048 opulentissimum
2077 1963 2421 2030 Numidiae
2469 1985 2572 2029 re-

355 2177 758 2305 μῖηιίἰζσαιὲιῖω
772 2187 932 2232 tmen
964 2181 1122 2244 πως-ι’.
1137 2182 1729 2246 οωιηειιάακάαρίάεἰιιν,
1751 2197 1855 2246 qua
1876 2197 2043 2232 nomen
2058 2181 2119 2234 ab
2146 2181 2247 2246 ipo·
2272 2181 2379 2231 Deo
2400 2180 2571 2230 Libero

575 2260 660 2294 ven
707 2280 720 2295 .

1287 2337 1589 2358 mnu
1594 2339 1655 2358 00

363 2445 516 2497 Leid.
539 2451 586 2498 7.
621 2464 739 2501 am.
773 2451 947 2513 {vn—3
979 2447 1207 2512 ‘Inepta
1251 2447 1446 2509 lectio;
1489 2448 1631 2512 lege,
1677 2464 1739 2497 ex
1775 2449 1877 2513 ipso
1920 2448 2107 2499 homine
2126 2466 2147 2508 ,-
2200 2462 2387 2499 nomen
2427 2448 2565 2497 enim

362 2510 700 2562 humanitatis
721 2522 806 2563 eat
845 2514 914 2562 ab
952 2513 1191 2563 homine.’
1238 2514 1326 2562 Ita
1348 2514 1580 2563 Coleruu.
1644 2514 1795 2563 Hauc
1816 2515 2089 2563 lectionem
2115 2514 2275 2563 etiam
2307 2514 2363 2563 in
2402 2528 2575 2577 marg.

362 2576 570 2625 notavit
591 2578 826 2642 Pighius,
847 2578 1070 2641 improb.
1092 2578 1272 2627 Vorst.
1306 2578 1525 2627 Tor-ren.
1549 2584 1607 2627 et
1628 2578 1802 2641 Kapp.
1871 2579 2017 2627 Leid-
2033 2583 2083 2628 7.
2102 2579 2311 2637 numine,
2331 2584 2386 2627 et
2409 2592 2567 2641 super

361 2642 644 2690 secundam
680 2643 882 2694 literam
919 2643 1332 2705 superscriptum
1367 2641 1522 2691 habet
1543 2656 1591 2689 ο.
1657 2641 1854 2692 Brand.
1880 2647 1925 2690 1.
1954 2647 2004 2691 2.
2041 2649 2095 2691 et
2127 2656 2303 2692 omnes
2340 2642 2567 2691 Tou-ren.

355 2705 487 2755 leet.
505 2714 732 2757 nostram
757 2716 982 2757 servant.
1009 2706 1284 2755 Nonnullae
1309 2705 1431 2755 edd.
1453 2705 1697 2755 exhibent
1719 2709 1852 2769 cnjus
1866 2722 2031 2755 nomen
2050 2722 2112 2757 ex
2138 2708 2238 2770 ipae
2258 2707 2467 2767 numine,
2483 2708 2569 2767 &⁶-

362 2774 464 2819 -4
497 2769 630 2819 Ante
649 2773 806 2820 omnia
823 2776 981 2820 tmen
1001 2772 1212 2821 Venett.
1238 2769 1398 2819 Aldd.
1437 2769 1641 2832 Gryph.
1664 2770 1829 2819 Coliu.
1872 2776 1927 2819 et
1944 2770 2126 2833 Steph.
2149 2770 2287 2835 quod
2313 2777 2567 2832 respuunt

362 2834 521 2884 codd.
552 2834 683 2883 Ante
702 2835 860 2884 omnia
879 2834 1215 2883 humanissima
1242 2835 1294 2882 in
1329 2834 1521 2895 Copes.
1570 2836 1699 2881 Ante
1727 2834 1883 2882 omnia
1903 2834 2030 2881 inter
2052 2841 2161 2882 tres
2182 2835 2404 2882 Torren.
2429 2834 2567 2896 quod

362 2911 434 2945 ex
455 2899 650 2947 interim
682 2907 854 2949 ortum
896 2897 1042 2947 credi
1084 2905 1280 2961 posset.
1347 2896 1526 2947 Ceteri
1569 2910 1747 2945 omnes
1784 2902 2053 2945 autem-5
2088 2896 2211 2946 ‘Sic
2251 2896 2465 2959 Pighius
2500 2910 2569 2943 ex

361 2962 547 3011 Colon.
573 2970 630 3011 et
653 2963 837 3027 camp.
859 2970 1065 3012 textum
1101 2962 1408 3021 constituit3
1441 2969 1500 3009 et
1523 2960 1598 3009 ita
1620 2974 1829 3024 quoque
1862 2960 2056 3008 habent
2078 2959 2251 3009 Perit.
2275 2965 2332 3008 et
2368 2959 2567 3008 Brund.

361 3040 516 3075 unus,
592 3025 733 3077 Ante
770 3026 1010 3088 Pighinm
1049 3026 1102 3074 in
1147 3025 1462 3075 editionibus
1507 3023 1728 3086 vulgatis
1766 3024 2044 3087 legebatur
2083 3027 2339 3087 explentes,
2373 3022 2567 3072 omisso

372 3090 566 3153 Veram,
589 3105 636 3139 e.
662 3106 713 3155 g.
738 3092 790 3139 in
812 3092 958 3154 Lipa.
984 3094 1098 3140 1.2.
1137 3089 1306 3153 Lugd.
1343 3095 1401 3139 et
1435 3088 1511 3137 sic
1547 3098 1631 3137 est
1654 3089 1704 3137 in
1730 3088 1835 3137 Bit.
1860 3089 2013 3151 prim.
2035 3095 2189 3165 atque
2221 3088 2367 3137 libris
2390 3087 2569 3149 Pighi-

365 3154 498 3205 anis.
563 3153 667 3205 Ast
689 3154 880 3207 Atreb.
903 3170 988 3203 un.
1007 3154 1206 3204 Brand.
1243 3153 1430 3218 Copes.
1453 3153 1593 3203 Uitr.
1636 3153 1785 3215 prim.
1809 3161 1865 3202 et
1888 3161 2008 3201 octo
2038 3153 2124 3202 alii
2163 3153 2291 3202 Mes.
2331 3153 2563 3215 itemque

363 3219 517 3283 Mog.
541 3226 598 3267 et
628 3221 748 3269 Vet-
770 3220 964 3269 hahent
984 3218 1332 3281 expletiuimos
1369 3232 1542 3268 rerum.
1613 3218 1815 3266 Tantum
1836 3217 2058 3278 hostium,
2077 3220 2160 3279 ἅμ’.
2199 3217 2387 3279 Neque
2410 3216 2562 3264 aliam

361 3282 620 3345 originem
655 3284 815 3333 habet
850 3282 998 3333 Med.
1037 3298 1141 3332 sec.
1159 3281 1557 3345 splendidissimos
1577 3296 1754 3343 rerum,
1790 3287 1846 3329 et
1870 3282 2015 3330 Leid.
2038 3288 2169 3344 sept.
2188 3280 2568 3343 locupletissimo·

360 3350 698 3412 rerum-quod
737 3356 1012 3412 utrumque
1051 3362 1116 3395 ex
1138 3346 1576 3409 interpretatione
1596 3346 1683 3393 τοῦ
1708 3345 2050 3406 εωρὶεεὶωὺηοε
2068 3360 2227 3394 rerum
2265 3353 2365 3394 est.
2430 3344 2565 3392 Mihi

360 3412 711 3475 expletissimos
730 3428 888 3462 rerum
927 3412 1076 3460 unice
1113 3425 1289 3459 verum
1329 3424 1444 3459 esse
1467 3408 1705 3469 videtur;
1740 3409 1980 3458 Valerius
2016 3410 2151 3458 enim
2176 3410 2309 3467 vult,
2344 3410 2567 3471 juvenes

360 3476 514 3536 istos,
536 3480 664 3526 2743
689 3492 880 3526 numero
903 3476 1000 3540 (sic
1023 3475 1160 3525 enim
1181 3476 1371 3537 Copes.
1405 3478 1462 3523 et
1483 3474 1570 3521 alii
1604 3474 1835 3537 quinque
1857 3475 1989 3522 Mes.
2027 3474 2253 3537 itemque
2292 3473 2419 3522 Vet.
2442 3487 2566 3535 non,

364 3545 426 3588 nt
449 3540 558 3599 alii,
573 3556 836 3600 numerum,
854 3541 962 3589 sive
984 3547 1044 3589 ut
1066 3554 1194 3589 unus
1219 3539 1381 3589 Barb.
1404 3540 1467 3587 cul
1487 3536 1756 3602 numeram)
1778 3552 2101 3603 nequaquam
2120 3538 2366 3602 spoliatos
2390 3535 2570 3595 fuisse,

361 3604 459 3655 ted
485 3605 642 3654 rebus
665 3605 974 3657 necessariis
995 3604 1441 3664 instructissimos,
1477 3609 1537 3659 et
1578 3602 1642 3651 ad
1667 3602 2029 3652 abundantiam
2066 3610 2325 3652 saturatos
2350 3599 2569 3649 Cartha-

363 3668 688 3731 giniensibus
711 3668 940 3718 redditos
974 3668 1152 3719 fuisse.
1236 3666 1582 3717 Consentiunt
1615 3681 1813 3715 mecum
1855 3667 2157 3715 Perizonius
2182 3674 2237 3714 et
2256 3662 2569 3713 Tou-renium!

363 3736 631 3799 Kapp.—6
663 3734 826 3783 Barb.
858 3737 908 3782 1.
941 3739 996 3783 et
1033 3731 1229 3782 Medic.
1248 3736 1296 3780 2.
1339 3736 1386 3780 et
1407 3735 1479 3779 tot
1515 3730 1736 3779 Punicis.
1804 3730 1933 3780 Mox
1971 3744 2063 3793 pro
2102 3730 2390 3791 obstupuisse
2428 3727 2566 3775 Dan.

362 3797 759 3861 obstipatum—7
793 3798 1035 3863 Quinque
1077 3797 1227 3847 codd.
1272 3797 1489 3845 Torren.
1523 3796 1919 3858 penetentia—8
1952 3794 2136 3844 Leidd.
2170 3799 2216 3843 1.
2250 3797 2301 3843 4.
2341 3790 2567 3847 Tiburti,-

1359 3943 1575 3993 NOTAE

431 4084 456 4113 ⁸
475 4074 784 4139 Ati-captivo·
800 4074 1117 4137 redimendos]
1147 4073 1254 4123 Sub
1269 4072 1423 4121 finem
1502 4073 1603 4122 bus
1623 4086 1863 4123 concessa
1882 4077 1982 4120 est.

360 4154 488 4204 belli
512 4152 704 4202 Punici
720 4152 936 4201 seciundi
954 4152 1006 4200 id
1019 4150 1241 4215 contigit
1259 4165 1275 4211 ς
1309 4162 1426 4199 cum
1513 4172 1522 4181 ·
1569 4146 1595 4181 δ
1614 4147 1897 4211 Syphacem]
1948 4145 2052 4197 Qui
2074 4145 2243 4197 victus
2266 4160 2439 4197 amore
2474 4145 2562 4195 So-

365 4230 508 4280 victo
531 4229 826 4281 Hannibale
859 4244 961 4293 pax
996 4228 1429 4291 Carthaginiensi·
1505 4223 1786 4287 pbonisbae,
1801 4221 1967 4273 foedus
1982 4238 2099 4273 cum
2120 4223 2362 4273 Romanis
2378 4222 2567 4289 initum
