3144 4925
1064 347 1226 394 osv.
1261 348 1341 393 11.
1391 347 1486 394 ns
1533 347 1837 396 snmus,
2424 337 2550 401 527

351 507 569 572 nepos
602 488 906 554 Africani
949 495 1114 563 erat,
1144 489 1382 553 bonam
1429 507 1867 574 magnamque
1896 497 2157 576 partem
2202 491 2549 560 Numidici

353 593 722 669 exercituS,
762 610 964 673 quem
985 587 1041 635 ⁵⁶
1085 587 1372 653 Lucullo
1422 589 1711 666 consuli,
1742 609 1783 653 a
1814 612 1952 674 quo
2000 593 2087 656 ad
2134 595 2391 661 auxilia
2436 615 2550 677 pc·

355 694 562 757 tenda
609 693 859 756 missus
907 690 1149 768 fuerat,
1189 690 1257 754 in
1311 689 1718 774 Hispaniam
1764 692 2056 771 duceret,
2104 697 2555 778 promtissima

351 801 577 858 mente
609 793 905 870 tradidit,
934 793 1388 875 praesentique
1417 793 1713 875 periculo
1742 801 2115 878 respectum
2146 797 2409 878 pristini
2440 800 2553 862 be·-

353 895 579 960 neficii
625 893 1059 977 anteposuit?
1147 892 1295 971 Ille,
1327 911 1482 958 cum
1512 893 1660 977 jam
1706 901 1905 962 aetate
1949 895 2328 976 deficiente,
2368 919 2551 980 mag·

353 1017 482 1060 nas
530 997 714 1079 regui
760 1015 956 1078 opeS,
981 1000 1268 1079 quatuor
1317 1001 1384 1059 et
1430 995 1915 1079 quinquaginta
1956 997 2285 1062 filiorum!
2326 1020 2553 1066 nume·

355 1117 502 1161 rum
525 1105 578 1146 5⁷
619 1097 1030 1180 relinquens,
1081 1098 1149 1162 iu
1204 1094 1449 1161 lectulo
1507 1096 1865 1173 laberetur,
1916 1097 2013 1161 M.
2072 1098 2554 1178 Manilium,⁵⁸⁸

357 1201 477 1282 qui
508 1199 912 1282 proconsule
941 1197 1244 1263 Africam
1276 1197 1655 1274 obtinebat,
1685 1197 1897 1262 literis
1934 1200 2335 1278 obsecravit,
2365 1210 2435 1266 ut
2464 1204 2551 1267 ad

355 1319 428 1364 se
475 1301 860 1384 Scipionem
887 1298 1348 1377 AEmilianum,
1379 1300 1508 1362 sub
1553 1318 1639 1365 eo
1684 1307 1851 1364 tunc
1896 1301 2305 1379 militantem,
2335 1305 2552 1370 mitte-

357 1408 490 1467 ret:
537 1403 903 1467 feliciorem
931 1409 1210 1466 mortem
1245 1421 1438 1465 suam
1467 1402 1753 1467 futuram
1775 1410 1984 1480 ratus,
2004 1404 2065 1466 si
2092 1404 2163 1466 in
2193 1406 2553 1490 complexu

360 1504 624 1569 dextrae
673 1505 822 1589 ejus
881 1524 1262 1588 supremum
1315 1504 1621 1587 spiritum
1682 1523 1763 1569 ac
1811 1504 2123 1569 mandata
2181 1508 2550 1589 posuisset.

360 1605 517 1684 Ille,
565 1606 921 1670 adventum
968 1606 1312 1689 Scipionis
1356 1605 1516 1670 fatis
1556 1606 1699 1669 suis
1751 1606 2363 1688 praebui-remiba&⁸
2406 1609 2555 1674 haze

357 1707 554 1771 uxori
603 1708 973 1791 liberisque
1032 1715 1486 1792 praeceperat:
1553 1711 1576 1741 ‘
1604 1727 1808 1772 unum
1863 1707 1932 1770 in
1984 1707 2172 1770 terris
2225 1711 2551 1791 populum

360 1807 771 1885 Romanum,
820 1816 890 1872 et
937 1829 1143 1873 unam
1194 1809 1261 1872 in
1311 1809 1564 1894 populo
1614 1807 1923 1872 Romano
1948 1814 2002 1856 ⁵⁹
2046 1808 2387 1892 Scipionis
2434 1811 2553 1874 do-

357 1930 539 1973 mum
597 1929 838 1976 nosse:
901 1911 1150 1992 integra
1208 1910 1433 1976 omnia
1485 1909 1853 1976 AEmiliano
1912 1909 2361 1975 reservaret⁶⁰
2402 1933 2553 1978 eum

358 2011 698 2078 dividendi
722 2014 906 2096 regni
935 2014 1254 2078 arbitrum
1273 2010 1298 2048 '³
1326 2011 1689 2091 haberent3
1734 2013 1913 2095 quod
1933 2012 1995 2076 is
2016 2013 2387 2093 statuisset,
2409 2035 2554 2101 per-

1279 2211 1368 2230 Νθ
1371 2209 1430 2230 ‘O
1434 2209 1581 2232 nm
1584 2209 1641 2229 00

360 2339 489 2389 Mox
513 2337 697 2387 eadem
722 2350 841 2386 cum
869 2338 1016 2401 Mog.
1054 2343 1109 2387 et
1131 2343 1253 2388 octo
1275 2337 1426 2389 codd.
1449 2339 1666 2388 Tor-ren.
1686 2337 2068 2398 Africanum—56
2102 2338 2267 2388 Codd.
2304 2337 2558 2391 fluctuant

359 2403 502 2454 inter
521 2417 659 2467 quem
675 2409 730 2451 et
751 2415 924 2465 quam,-
955 2404 1052 2452 hoc
1073 2403 1234 2452 habet
1255 2403 1381 2453 Vet.
1401 2417 1518 2452 curn
1532 2403 1765 2469 pluribus
1788 2403 1937 2454 codd.
1962 2402 2178 2453 Tor-ren.
2200 2404 2414 2467 Pighius
2436 2420 2557 2454 con·

363 2477 448 2517 tra
483 2482 660 2516 omues
695 2468 849 2517 codd.
875 2475 929 2517 et
952 2467 1073 2517 edd.
1120 2475 1249 2518 vett.
1293 2467 1546 2519 dederat:
1582 2484 1716 2532 quem
1748 2470 1811 2518 ud
1846 2468 2089 2517 Lucullum
2122 2471 2349 2518 consulem
2362 2486 2383 2527 ;
2417 2484 2557 2519 eum·

398 2548 464 2582 ue
509 2532 679 2581 secuti
723 2538 843 2580 sunt
886 2532 1056 2581 Celer.
1085 2533 1239 2596 Thys.
1277 2540 1332 2582 et
1363 2533 1556 2597 Delph.
1599 2538 1654 2581 ue
1691 2534 1743 2582 in
1787 2533 2073 2594 Hispaniam
2106 2532 2211 2582 duo
2254 2534 2466 2583 Torreu.
2505 2538 2558 2585 in

417 2598 604 2659 ispania
638 2595 794 2645 Aldd.
836 2610 952 2645 cnm
989 2596 1296 2659 quibusdam
1342 2598 1607 2647 aliia—57
1641 2595 1836 2647 Medic.
1878 2603 1923 2646 1.
1959 2597 2278 2659 quadraginta
2316 2604 2557 2661 quattuor.

357 2663 567 2711 Novem
610 2659 777 2709 Codd.
811 2662 1032 2709 'rori-eu.
1069 2667 1127 2710 et
1166 2663 1352 2723 Copes.
1394 2676 1510 2710 cum
1544 2661 1669 2710 Vet.
1705 2662 1849 2724 Mog.
1889 2660 2103 2710 Venett.
2142 2660 2353 2710 Mediol.
2398 2662 2557 2713 Aldd.

363 2725 571 2789 Gryph.
607 2724 773 2773 Colin.
809 2731 865 2773 et
889 2725 1071 2788 Steph.
1112 2738 1322 2773 numero.
1389 2724 1595 2773 Deinde
1618 2724 1721 2774 duo
1742 2726 1953 2773 Torren.
1977 2725 2029 2773 in
2051 2726 2303 2779 lectulum5
2337 2732 2392 2774 et
2428 2742 2559 2775 unus

365 2789 598 2852 ejusdem
643 2788 913 2847 luber-etum·
946 2804 1062 2853 quae
1088 2789 1235 2838 lectt.
1271 2803 1374 2837 non
1411 2789 1695 2851 displicent
1732 2788 1901 2837 eidem
1938 2789 2205 2836 Tei-renio.
2260 2788 2561 2839 Perizonius

366 2854 505 2917 conj.
528 2852 971 2902 dilatandum—58
1006 2853 1163 2903 Multi
1187 2852 1339 2903 codd.
1361 2853 1767 2901 Ma.Manilium.·
1800 2851 1950 2900 multi
1990 2852 2146 2899 etiam
2186 2850 2264 2913 qni
2300 2858 2561 2913 proconsul.

365 2919 497 2966 Tum
530 2917 727 2966 Medic.
748 2922 795 2966 1.
813 2917 970 2966 literis
989 2917 1423 2980 supplicavit.——59
1456 2918 1651 2979 Copes.
1674 2930 1818 2964 unum
1848 2916 1901 2963 in
1933 2916 2077 2963 cum.
2142 2915 2248 2963 Pro
2270 2916 2439 2978 populo
2464 2919 2561 2965 Ro-

363 2997 502 3032 mano
521 2983 648 3031 Vct.
670 2982 826 3031 habet
845 2982 1158 3044 purim—6⁰
1180 2981 1398 3045 Pighius
1421 2995 1512 3044 pro
1529 2994 1786 3044 resa-vare,
1807 2978 1943 3044 quod
1966 2978 2118 3028 codd.
2138 2980 2348 3029 Torren.
2372 2979 2565 3031 duode-

1354 3146 1575 3198 NOTIE

431 3310 456 3344 5
495 3303 714 3358 Quotam·
732 3306 779 3350 et
817 3298 1162 3364 quinquaginta
1187 3294 1428 3361 filiorum]

364 3378 612 3427 Totidem
635 3382 875 3425 numerat
898 3374 1211 3437 Eutropius3
1245 3373 1428 3420 decem

365 3459 572 3503 tantum
627 3451 892 3501 Diodorus
939 3458 993 3500 et
1037 3448 1263 3513 Appiam.
1304 3461 1429 3511 quos

365 3533 514 3579 inter
535 3536 642 3578 tres
663 3528 901 3591 legitimi,
930 3528 1173 3590 Micipsa,
1202 3525 1431 3574 Gulussa

368 3612 425 3655 et
457 3602 825 3670 Manastabal:
880 3604 1056 3665 plures
1094 3599 1300 3665 quidem
1342 3598 1428 3646 ha-

365 3682 578 3743 buerat,
600 3680 693 3729 sed
732 3680 819 3727 ulii
859 3679 960 3727 aiio
998 3685 1232 3740 tempore
1261 3675 1428 3738 perie-

370 3766 512 3807 rant.

440 3840 464 3865 ⁸
491 3832 753 3881 Manilium
793 3827 1078 3894 [Manlium]
1131 3826 1322 3877 Melius
1355 3825 1427 3873 le-

369 3907 512 3971 geris
534 3907 826 3967 Manilium,
848 3906 935 3969 qui
958 3903 1150 3953 bellum
1173 3902 1430 3951 Punicum

369 3986 589 4034 tertium
647 3981 927 4044 inchoavit,
969 3980 1066 4029 sub
1114 3993 1215 4043 quo
1256 3976 1432 4039 Scipio

352 4065 578 4125 'quartae
599 4058 818 4121 legionis
837 4056 1090 4107 Tribunus
1111 4058 1243 4103 erat.

429 4143 455 4169 ⁸
473 4135 614 4185 Fatis
627 4135 725 4185 suis
743 4129 1160 4198 prmus-rentibus]
1176 4129 1262 4179 Ita
1276 4126 1434 4177 etiam

1509 3301 1568 3343 et
1591 3292 1887 3357 Appianas,
1916 3299 1973 3343 et
1992 3293 2118 3355 alii3
2168 3293 2355 3344 Cicero
2389 3299 2565 3343 tamen

1510 3372 1622 3420 vult
1640 3370 1934 3434 Scipionem
1957 3377 2076 3419 ante
2125 3368 2411 3418 Masinissa
2458 3368 2565 3416 obi-

1510 3452 1619 3495 tum
1640 3443 1931 3493 advenisse.

1574 3518 1599 3552 ¹³
1630 3519 1894 3569 Dividendi
1910 3518 2049 3581 regni
2068 3515 2327 3580 arbitrum]
2362 3516 2567 3567 Nomen

1509 3596 1707 3658 regium
1739 3595 1985 3657 legitimis
2020 3608 2289 3645 commune
2329 3606 2442 3641 esse
2480 3605 2566 3637 vo·

1509 3673 1631 3732 luit',
1680 3685 1997 3736 regnumque
2020 3685 2114 3733 pro
2136 3670 2384 3732 cujusque
2402 3665 2573 3714 studio

1507 3748 1735 3813 partitus
1758 3754 1873 3796 est:
1929 3746 2170 3808 Micipsae
2210 3742 2566 3812 pacistamau-

1507 3823 1709 3873 tissime
1725 3829 1871 3871 certa
1888 3821 2031 3883 regio
2049 3820 2311 3883 assignata
2330 3832 2345 3875 ς
2378 3816 2567 3865 Gulus-

1511 3915 1584 3949 sae
1628 3899 1753 3948 belli
1774 3898 1999 3947 studioso
2026 3894 2412 3957 bellipacisque
2445 3905 2571 3940 cura

1511 3974 1812 4033 commissu
1866 3969 2234 4032 Manastabali,
2270 3968 2363 4032 qui
2402 3968 2568 4016 literis

1513 4048 1719 4099 Graecis
1751 4045 1981 4095 eruditus
2021 4049 2157 4107 erat,
2188 4042 2407 4095 subditis
2442 4043 2570 4108 juris

1513 4121 1725 4174 dicendi
1748 4123 1868 4171 data
1890 4126 2135 4184 potestus.
