3144 4925
1126 388 1222 438 οε
1273 389 1635 440 Nominum
1687 390 2050 442 numus.
2527 382 2658 446 907

464 532 593 597 bus
624 525 885 598 exsecti
912 538 1119 598 erant.
1206 517 1658 617 Servius,⁰qui
1682 542 1942 601 mortua
1967 543 2178 605 matre
2205 539 2274 603 in
2301 543 2499 603 utero
2527 557 2662 603 ser-

464 641 664 699 vatus
714 641 837 698 est.
954 629 1207 717 Spurii,
1261 645 1459 716 patre
1514 637 1777 700 incerto
1843 639 2072 719 geniti,
2131 641 2326 721 quasi
2384 635 2659 724 στόμαθ’

465 732 773 800 Numerii
802 735 949 799 seia
970 735 1255 818 patricia
1273 734 1533 802 familia
1552 756 1679 800 usa
1696 743 1801 801 est
1829 736 2046 802 Fabia
2065 759 2087 819 ς
2107 746 2162 790 ²⁹
2201 739 2458 804 idcirco
2476 739 2662 821 quod

463 837 769 900 trecentis
800 854 927 899 sex
957 837 1141 918 apud
1170 836 1547 902 Cremeram
1580 836 1822 902 flumen
1850 840 2070 918 coesiS,
2103 841 2220 924 qui
2247 858 2422 904 unus
2458 858 2550 903 ex
2579 859 2662 906 ea

463 935 672 1017 stirpe
702 938 1039 1013 extiterat,
1066 937 1273 1000 ducta
1298 940 1367 1002 in
1395 938 1891 1004 matrimonium
1929 959 2141 1004 uxore
2167 939 2311 1004 filia
2356 938 2660 1004 Numer-ii

464 1034 745 1101 Otacilii
806 1036 1336 1117 Maleventani,³⁰
1405 1041 1529 1103 sub
1581 1056 1663 1104 eo
1720 1046 1964 1122 pacto,
1999 1047 2077 1104 ut
2126 1061 2322 1124 quem
2368 1042 2676 1139 primum·

461 1133 671 1200 filium
698 1138 1112 1216 sustulisset,
1157 1139 1221 1203 ei
1268 1142 1551 1205 materni
1583 1141 1694 1205 avi
1712 1147 1762 1186 ³¹
1828 1159 2217 1223 proenomen
2260 1143 2658 1224 imponeret,

461 1236 968 1321 obtemperavit.

546 1335 991 1420 Antiquarum
1021 1337 1371 1403 mulierum
1414 1339 1480 1402 in
1520 1359 1652 1404 usu
1695 1340 2028 1424 frequenti
2075 1341 2484 1424 praenomina
2513 1341 2659 1406 fue-

460 1444 638 1515 runt,
669 1437 949 1517 Rutula,
983 1438 1291 1516 Caesella,
1324 1438 1719 1518 Rodocella,
1752 1439 2064 1506 Murcula
2085 1461 2104 1522 ;
2122 1449 2175 1488 ³²
2221 1441 2433 1506 Burra
2470 1460 2513 1505 a
2540 1462 2657 1507 co·

460 1537 606 1600 lore
634 1538 835 1603 dicta.
924 1539 1066 1603 Ista
1092 1542 1503 1623 praenomina
1536 1560 1580 1604 a
1607 1542 1775 1606 viris
1819 1547 2037 1607 tracta
2075 1548 2258 1619 sunt,
2303 1541 2490 1620 Gaia,
2519 1541 2654 1606 Lu-

462 1639 595 1717 cia,
626 1638 899 1716 Publia,
932 1640 1341 1704 Numeria.³4
1424 1641 1730 1706 Ceterum
1765 1639 1958 1720 Gaia,
2005 1661 2132 1706 usu
2180 1661 2385 1725 super
2431 1633 2656 1707 omnia

460 1735 797 1806 celebrata
832 1749 960 1807 est.
1070 1740 1301 1805 Fertur
1354 1741 1549 1819 enim,
1601 1740 1836 1806 Gaiam
1895 1742 2244 1806 Caeciliam
2301 1741 2654 1825 Tarquinii

461 1839 678 1905 Prisci
708 1842 883 1924 regis
913 1861 1195 1906 uxorem
1225 1842 1551 1924 optimam
1581 1842 1918 1908 lanificam
1943 1844 2198 1908 fuisse:
2259 1850 2332 1908 et
2359 1843 2518 1907 ideo
2549 1843 2653 1906 in-

461 1939 773 2006 stitutum
831 1960 1001 2020 esse,
1064 1949 1141 2006 ut
1193 1959 1388 2008 novae
1459 1951 1690 2025 nuptae
1747 1948 1904 2009 ante
1944 1944 2222 2028 januam
2278 1945 2496 2008 mariti
2551 1945 2657 2007 in-

458 2049 834 2125 terrogatae,
879 2063 1187 2127 quaenam
1247 2048 1672 2124 vocarentur,
1740 2045 1976 2112 Gaiam
2039 2065 2196 2110 esse
2240 2064 2315 2110 se
2356 2045 2650 2110 dicerent

458 2143 567 2228 [e.
590 2143 875 2226 Titine
1621 2169 1628 2174 -

1702 2276 1733 2294 O

459 2369 609 2420 Acten
631 2370 751 2420 edd.
772 2377 890 2421 unte
914 2372 1067 2435 Pigh.
1092 2377 1148 2421 et
1170 2370 1363 2434 Ultraj.
1387 2375 1437 2421 2.
1470 2371 1531 2420 ab
1551 2371 1700 2421 Acteo
1721 2385 1853 2419 unus
1882 2371 2102 2420 Torren.
2141 2371 2202 2420 ab
2223 2371 2347 2421 Areo
2367 2371 2516 2422 Leid.
2537 2377 2651 2422 3.—

458 2437 524 2483 28
556 2434 692 2485 Edd.
714 2441 841 2487 vett.
862 2436 1076 2500 Epopoe3
1118 2436 1297 2497 cnmp.
1326 2436 1485 2499 Epope
1502 2435 1591 2484 alii
1605 2449 1626 2491 ,⁰
1655 2435 1892 2485 Sambuc.
1915 2436 2190 2499 ΕὲΙιίομιηί.
2256 2434 2390 2485 Vide
2420 2436 2572 2499 Pigh.
2595 2437 2648 2486 in

456 2496 585 2549 Ver.
605 2500 863 2550 Non-29
897 2501 1087 2563 copes.
1103 2507 1158 2548 et
1176 2499 1475 2548 Torreniani
1498 2504 1554 2549 ut
1575 2500 1626 2547 in
1662 2505 1827 2560 textu,
1847 2505 1904 2547 et
1919 2500 1994 2548 sic
2013 2501 2167 2563 vulgo
2189 2514 2204 2558 ;
2225 2502 2544 2549 tantummodo
2563 2516 2650 2552 usa

456 2567 530 2611 eat
561 2563 715 2613 fab-‘a
756 2564 994 2614 Sambuc.
1030 2564 1242 2627 patricia
1269 2578 1391 2625 gens
1419 2562 1618 2622 scurilia
1651 2566 1723 2611 est
1752 2576 1838 2611 usa
1870 2561 2039 2611 Fabia
2065 2576 2332 2626 proenomen
2367 2567 2439 2612 est
2455 2580 2476 2621 ,·
2509 2564 2646 2614 unde

458 2626 707 2689 Pighius:
751 2629 852 2677 nol·
882 2643 934 2691 p.
967 2642 1086 2689 gens
1117 2642 1202 2676 usu
1232 2632 1305 2676 est
1329 2626 1481 2676 Fabia
1503 2626 1811 2689 proenombue.
1844 2625 2086 2675 Perizon.
2109 2627 2250 2689 conj.
2272 2627 2516 2676 Numer-iis
2535 2644 2576 2677 s.
2597 2644 2649 2692 p.

455 2704 509 2739 ιι.
544 2705 587 2739 e.
612 2691 810 2749 fmilia
851 2691 1153 2741 Fabia.—80
1188 2693 1203 2719 ‘
1218 2692 1403 2754 Copes.
1424 2692 1565 2740 ducta
1587 2691 1640 2739 ἐπ
1661 2690 1962 2739 matrimonio
1997 2691 2082 2739 Nu
2177 2704 2324 2739 uxore
2343 2691 2476 2755 filiu,
2499 2693 2650 2755 Nnyn

456 2754 679 2803 Jotneizii
719 2756 1039 2805 Maleuentali.
1107 2756 1187 2803 Ex
1220 2770 1323 2819 quo
1364 2753 1568 2804 videtur
1606 2754 1763 2803 etiam
1799 2753 1905 2803 fili·
1943 2753 2034 2803 illa
2104 2755 2210 2803 icta
2244 2768 2360 2802 esse
2397 2756 2644 2804 Numer-ia.

459 2817 607 2882 Nuyn
628 2826 711 2869 est
732 2820 982 2883 scriptum
1007 2833 1101 2883 pro
1122 2820 1270 2871 Num.
1330 2818 1481 2868 Solet
1502 2818 1638 2866 enim
1662 2818 1746 2867 hic
1769 2817 2009 2867 librarius
2043 2818 2269 2867 vocalem
2291 2818 2311 2866 i
2335 2818 2482 2867 initio
2507 2820 2647 2868 vocis

458 2882 539 2929 vei
564 2889 683 2945 post
700 2884 848 2932 aliam
872 2884 1103 2932 vocalem
1127 2882 1353 2934 scribere
1376 2895 1469 2945 per
1491 2897 1541 2945 y.
1597 2882 1734 2931 Nuia
1770 2896 1894 2930 vero
1927 2888 2074 2945 patet
2116 2896 2231 2931 esse
2267 2882 2518 2945 scriptum
2539 2896 2646 2947 ‚pro

458 2946 605 2997 Nm.
644 2948 699 2995 id
736 2954 836 3010 est,
872 2947 1149 3008 Numerius,
1179 2948 1261 2996 vei
1295 2947 1545 2995 Numeria.
1611 2946 1691 2994 Eo
1724 2960 1848 2995 vero
1869 2947 2031 3009 magis
2052 2946 2207 2996 credo
2229 2946 2510 2994 Numeriam
2530 2961 2644 2996 esse

454 3008 669 3068 dictam,
691 3019 848 3075 atque
868 3010 997 3060 illud
1018 3011 1285 3073 scripsisse
1304 3010 1443 3059 hunc
1464 3008 1773 3071 Auctorem,
1791 3010 1926 3073 quod
1955 3017 2136 3073 postea
2158 3010 2294 3058 inter
2321 3010 2527 3058 nomina
2550 3008 2645 3059 foe·

453 3074 707 3124 minarum
740 3081 902 3138 ponet
933 3074 1250 3131 Numeriam,-
1292 3074 1380 3124 ubi
1411 3075 1545 3122 maie
1580 3073 1794 3136 Pighius
1827 3073 2006 3124 mallet
2039 3075 2290 3129 Maniam5
2325 3073 2446 3138 qnia
2478 3074 2644 3124 Varro

454 3146 612 3202 negat
634 3140 915 3189 Numeriam
933 3138 1060 3199 dici,
1082 3154 1197 3187 cum
1215 3144 1398 3202 aperte
1414 3136 1582 3186 codex
1598 3137 1786 3199 copes.
1801 3136 1992 3186 habent
2006 3137 2234 3186 Musei-ia
2251 3151 2346 3200 pro
2369 3137 2642 3187 Numerio?

453 3201 823 3253 Peritum—31
859 3203 966 3251 Pro
1008 3203 1055 3251 ei
1089 3203 1291 3251 materni
1321 3202 1401 3250 avi
1440 3201 1612 3262 vuigg.
1660 3207 1783 3249 ante
1821 3201 1968 3264 Pigh.
2011 3206 2060 3249 et
2089 3201 2275 3249 numer-i
2317 3200 2645 3251 exhibent.—

455 3270 520 3315 32
554 3267 759 3329 Rutilia,
798 3266 1031 3323 emenia,
1065 3266 1327 3326 Rodacilla,
1362 3264 1617 3325 Muto-nala,
1650 3264 1704 3313 iu
1737 3263 1916 3314 iisdem
1950 3264 2071 3314 edd.
2105 3264 2325 3315 mutavit
2364 3264 2580 3327 Pighius
2609 3280 2640 3313 e

456 3337 560 3381 vet.
582 3330 830 3380 ceth—84
854 3330 938 3379 Ita
957 3330 1196 3381 Sumbuc.
1232 3332 1412 3378 Moerea
1428 3328 1549 3377 edd.
1565 3332 1696 3376 vett.
1729 3328 1905 3377 Mania
1918 3328 2055 3391 conj.
2079 3328 2443 3391 Pighius.—35
2471 3330 2487 3355 ‘
2503 3330 2642 3380 Mul-

456 3400 517 3442 ta
532 3394 617 3442 hic
634 3393 869 3457 disputat
889 3394 1103 3458 Pighius
1125 3399 1185 3442 ut
1205 3394 1392 3458 probet
1413 3398 1556 3441 recte
1576 3391 1661 3441 hic
1679 3392 1838 3441 scribi
1864 3393 1974 3441 Caii
1991 3392 2140 3442 Mi.-
2164 3406 2261 3455 ego
2280 3398 2454 3441 tamen
2468 3392 2641 3440 malim

458 3456 672 3506 credere
708 3458 915 3505 omnino
938 3457 1154 3507 delenda
1174 3458 1286 3508 haec
1308 3472 1425 3507 esse
1446 3470 1562 3506 cum
1587 3456 1811 3521 antiquis
1840 3456 1977 3506 Edd.
2005 3464 2061 3505 et
2095 3456 2283 3518 Copes.
2316 3455 2404 3505 ubi
2435 3456 2643 3505 dicerent

457 3520 641 3569 ultima
662 3525 743 3568 est
764 3521 915 3584 hujus
937 3522 1201 3585 Epitomes
1225 3537 1355 3582 νοτες
1396 3529 1454 3570 et
1493 3534 1612 3570 cum
1647 3528 1750 3569 tam
1775 3521 1927 3569 multi
1949 3520 2257 3570 tradiderint
2279 3520 2391 3569 haec
2412 3517 2478 3568 de
2502 3520 2640 3583 Caio,

456 3598 610 3635 nemo
629 3591 802 3635 tamen
820 3584 965 3636 addit
983 3584 1155 3635 dicere
1172 3587 1353 3636 solitus
1372 3583 1614 3635 mulieres
1636 3599 1750 3635 esse
1764 3599 1820 3635 se
1846 3584 1990 3634 Caius
2007 3588 2066 3636 G.
2094 3584 2244 3635 Titii:
2266 3583 2508 3635 Perizon-
