3144 4925
1039 357 1206 408 car.
1238 361 1288 408 1.
1335 358 1434 410 nn
1483 357 1900 408 eumcum.
1984 367 1997 384 v
2436 345 2563 410 501

371 503 568 582 dixit,
626 509 648 539 ‘
667 503 852 587 quod
897 501 1108 568 filium
1153 507 1348 568 suum
1395 503 1480 568 de
1529 509 1759 585 stupro
1820 499 2235 584 appellasset
2250 499 2289 565 :’
2350 521 2567 588 eoque

371 613 795 672 asseverante
843 611 866 642 ‘
889 626 966 670 se
1013 605 1166 686 cogi
1219 622 1355 668 non
1404 623 1605 687 posse
1655 609 1729 668 ut
1801 603 2091 680 adesset,
2136 604 2297 685 quia
2340 623 2569 669 sacro-

373 713 671 772 sanctam
711 691 1122 791 potestatem
1165 704 1483 780 haberet,’
1527 711 1599 768 et
1642 705 1733 770 ob
1782 704 1851 768 id
1896 705 2320 770 tribunicium
2372 708 2571 770 auxi-

371 806 532 870 lium
563 809 990 890 implorante,
1035 811 1252 870 totum
1283 805 1639 887 collegium
1686 805 2100 870 tribunorum
2142 807 2411 888 negavit
2454 812 2475 841 ‘
2493 827 2571 871 se

370 908 803 987 intercedere,
874 927 1007 991 quo
1077 907 1299 970 minus
1341 905 1691 989 pudicitiae
1757 907 2043 988 quaestio
2112 906 2571 991 perageretur!

373 1006 642 1074 citatus
668 1009 896 1091 itaque
927 1007 1316 1076 Scantinius
1343 1024 1522 1082 reus,
1549 1024 1689 1070 uno
1718 1009 1912 1082 teste,
1938 1007 2057 1088 qui
2086 1013 2375 1074 tentatus
2402 1015 2569 1086 erat,

373 1108 724 1174 damnatus
751 1107 966 1174 est.²²³'
989 1123 1020 1156 ¹·
1108 1108 1390 1182 Constat
1429 1107 1753 1188 juvenem
1783 1107 2191 1190 productum
2218 1110 2289 1173 in
2316 1109 2574 1176 Rostra.

374 1209 602 1275 defixo
645 1213 714 1275 in
766 1221 1006 1278 terram
1064 1210 1254 1274 vultu
1315 1216 1826 1291 perseveranter
1883 1208 2201 1287 tacuisse,
2259 1228 2587 1276 vercona--

374 1312 598 1394 doque
625 1312 894 1376 silentio
923 1312 1285 1395 plurimum
1317 1312 1386 1374 iu
1413 1311 1739 1374 ultionem
1772 1330 1966 1375 suam
1986 1316 2035 1357 ²³
2084 1312 2397 1377 valuisse.

457 1415 522 1478 8.
571 1414 893 1478 Metellus
913 1411 1398 1496 quoquoCeler
1422 1406 1446 1447 ⁸
1493 1416 1823 1494 stuprosae
1854 1412 2098 1476 mentis
2130 1431 2285 1476 acer
2305 1412 2575 1498 punitor

372 1514 623 1591 extitit,
657 1514 779 1578 Cn.
811 1515 1046 1596 Sergio
1095 1514 1238 1580 Silo
1262 1521 1320 1560 ²4
1363 1512 1844 1596 promissorum
1878 1513 2351 1578 matrifamiliae
2380 1533 2569 1578 num·

372 1635 628 1692 morum
653 1618 870 1698 vatia
896 1616 1076 1679 diem
1113 1615 1199 1680 ad
1248 1615 1581 1698 populum
1620 1613 1933 1690 dicendo,
1960 1633 2243 1697 eumque
2271 1615 2405 1678 boc
2434 1633 2571 1680 uno

373 1717 648 1780 crimine
680 1717 1076 1782 damnando.
1167 1715 1326 1782 Non
1355 1718 1532 1782 enim
1559 1715 1813 1780 factum
1842 1721 2021 1792 tunc,
2061 1715 2183 1780 sed
2211 1715 2470 1780 animus
2500 1716 2571 1778 in

373 1818 808 1901 quaestionem
829 1825 880 1865 ²⁵
926 1818 1262 1892 deductus
1289 1823 1424 1882 est:
1470 1818 1765 1900 plusque
1792 1815 2096 1880 voluisse
2124 1833 2411 1899 peccare
2456 1833 2573 1879 no-

373 1921 534 1998 cuit,
563 1939 765 2002 quam
793 1939 923 1984 non
949 1938 1280 2002 peccasse
1309 1919 1579 2002 profuit.

457 2022 524 2086 9.
567 2019 928 2085 Concionis
953 2021 1136 2085 haec:
1199 2020 1322 2083 illa
1372 2022 1575 2084 curiae
1606 2016 2036 2101 gravitatis.²⁶
2096 2017 2180 2080 Τ.
2205 2014 2580 2098 Veturius,¹

373 2121 555 2185 filius
607 2121 754 2203 ejus
804 2121 1096 2198 Veturii,
1143 2121 1262 2202 qui
1313 2121 1384 2182 in
1431 2119 1783 2184 consulatu
1813 2139 1939 2184 suo
1987 2120 2430 2198 Samnitibus,
2482 2120 2573 2184 ob

371 2222 654 2304 turpiter
682 2223 892 2286 ictum
921 2221 1169 2298 foedus,
1217 2220 1486 2285 deditus
1531 2220 1771 2295 fuerat,
1820 2240 1968 2284 cum
2016 2225 2287 2303 propter
2314 2221 2575 2285 domes-

370 2323 584 2386 ticam
611 2324 897 2400 ruinam,
929 2329 1000 2386 et
1043 2343 1246 2406 grave
1277 2343 1374 2386 aes
1413 2323 1725 2401 alienum,
1776 2321 1855 2385 C.
1885 2321 2110 2386 Plotio
2128 2330 2183 2370 ²⁷
2224 2341 2471 2386 nexum
2500 2341 2575 2386 se

373 2421 534 2487 dare
565 2423 926 2487 admodum
959 2423 1514 2489 adolescentulus
1545 2429 1827 2488 coactus
1872 2429 2073 2501 esset,
2104 2423 2453 2488 servilibus
2484 2423 2573 2488 ab

375 2542 456 2589 co
487 2525 896 2601 verberibuS‚
923 2526 1084 2609 quia
1113 2532 1416 2608 stuprum
1446 2526 1586 2608 pati
1634 2525 1960 2602 noluerat,
2007 2525 2312 2602 affectus,
2342 2543 2574 2607 quere·

411 2812 478 2849 ue
519 2798 671 2849 codd.
708 2798 1058 2877 :fortem—22
1093 2800 1291 2849 Medic.
1317 2804 1364 2849 1.
1405 2798 1553 2848 Harl.
1581 2805 1636 2874 et
1661 2800 1806 2875 Leidt
1831 2806 1878 2849 1.
1900 2802 2167 2876 coavietu‚·
2194 2802 2439 2877 perizon.
2462 2800 2577 2851 cod.

373 2870 547 2984 ἐὶῖἕικξ
573 2862 1672 2991 (ᾔιᾟζῖτεαῖῗεοῖῗάῗεεῗᾶτἑσιῖ-ἷίξοΡ-εὲέ·
1700 2866 1997 2977 {tatzutlries
2033 2866 2579 2978 cudantffgssessogess

372 2992 500 3040 Vet.
521 3000 578 3040 et
603 2992 745 3055 Mog-
777 2993 1033 3055 quomodo
1059 2992 1286 3041 restituit
1323 2991 1542 3053 Pighius
1567 3006 1583 3037 ε
1621 2999 1742 3040 ante
1766 3006 1881 3040 eum
1906 2992 2060 3055 vulgo
2082 2992 2354 3052 edebatur,
2374 2993 2426 3041 ia
2446 3006 2580 3055 ques-

371 3055 520 3105 tione.
585 3056 712 3121 Mox
733 3070 828 3104 non
851 3062 971 3104 ante
990 3070 1204 3118 peccasse
1226 3056 1369 3105 delet
1393 3056 1638 3103 vnn—26
1672 3055 1789 3104 Vet.
1810 3057 2045 3117 gravitas.
2110 3055 2319 3105 Deinde
2350 3056 2579 3105 nonnulli

375 3118 526 3169 codd.
540 3119 760 3168 Tor-ren.
787 3122 893 3169 Ίῖὁ.
923 3122 1156 3169 Veturius.
1205 3120 1369 3168 Panlo
1394 3125 1510 3181 post
1537 3117 1735 3169 Medic.
1752 3124 1801 3168 2.
1832 3120 2006 3167 initam
2034 3119 2341 3179 sardina—2⁷
2375 3120 2580 3169 Edeba-

375 3190 465 3233 tur
502 3189 624 3232 ante
661 3182 813 3248 Pigh.
851 3185 996 3232 Goelio
1039 3184 1228 3241 Plotio3
1260 3184 1352 3232 sed
1396 3183 1454 3233 C.
1491 3183 1655 3231 Plotio
1698 3184 1857 3232 estin
1881 3184 2030 3233 codd.
2056 3192 2112 3233 et
2142 3184 2262 3234 edd.
2283 3185 2577 3248 ωιτη-28

1379 3311 1601 3362 NOTAE

377 3422 620 3486 testatem]
631 3424 1006 3476 Tribuniciamt
1032 3390 1119 3473 lex
1142 3426 1278 3473 enim
1302 3430 1436 3487 erat,
1521 3402 1717 3484 eo'ngnl
1742 3450 1875 3485 anno
1898 3436 2055 3486 Urbis
2076 3442 2191 3487 693.

377 3506 438 3549 ut
457 3500 544 3563 qni
562 3500 847 3551 Tribunum
865 3500 1130 3561 violasset,
1141 3502 1254 3564 ejus
1277 3507 1437 3565 capnt
1587 3511 1605 3543 ι
1641 3512 1884 3575 vam-fug]
1917 3510 2235 3563 Adolegcem
2256 3514 2344 3563 ille
2378 3528 2408 3563 a
2432 3514 2581 3563 Livio

379 3588 583 3625 sacrum
605 3573 761 3625 foret.
1523 3585 1741 3635 Publius
1758 3586 2072 3648 appellatur,
2095 3586 2376 3637 foenerator
2399 3588 2457 3636 t..
2481 3588 2583 3642 Pa·

436 3646 455 3691 5
489 3648 760 3699 Damnatus
799 3650 892 3713 θεὲ]
924 3650 1131 3701 Mulcta
1164 3665 1251 3700 1·Θο
1276 3652 1437 3713 dicta,
1521 3652 1701 3724 pitius.
1769 3661 1940 3723 Virgis
1985 3663 2244 3711 laceratus
2281 3662 2492 3725 juvenis
2526 3653 2579 3711 in

376 3738 444 3773 ex
479 3739 580 3789 qua
626 3726 844 3788 pecunia
885 3726 1169 3777 Marcellus
1208 3742 1435 3777 mensam
1519 3734 1689 3785 forum
1712 3750 1770 3784 se
1786 3736 2037 3799 proripit3
2073 3735 2331 3785 deindein
2348 3736 2577 3785 curiam:

378 3807 678 3862 argenteam
693 3800 981 3851 ministerio
1004 3804 1237 3852 Deorum
1256 3818 1434 3853 conse·
1521 3811 1584 3859 fit
1605 3811 1790 3873 ingens
1824 3811 2001 3874 populi
2025 3825 2320 3871 concursus,
2351 3812 2581 3873 cogitur.

379 3875 568 3925 cravit.
634 3876 722 3925 Ita
743 3876 890 3925 Plut.
1522 3901 1624 3951 que
1646 3887 1865 3935 Senatus
1889 3903 1905 3946 ;
1936 3892 2045 3935 tum
2078 3887 2179 3935 ille·
2199 3892 2399 3948 tergum
2422 3885 2582 3949 virgis

443 3948 474 3979 ⁴
497 3950 600 4005 An.
620 3952 698 4000 M·
723 3956 870 4003 3828·
891 3952 977 4001 Ol·
1000 3957 1114 4002 138·
1148 3957 1198 4005 3·
1223 3953 1353 4002 Urb·
1378 3953 1437 4002 C·
1522 3975 1713 4011 caesnm
1775 3961 2020 4009 Patribus
2074 3967 2323 4019 ostentat,
2378 3960 2583 4025 vimque

381 4030 494 4075 527.
531 4026 658 4075 Ant.
684 4026 779 4076 Ch.
802 4032 918 4075 225.
1523 4034 1773 4099 queritur.
1844 4034 1930 4081 De
1961 4032 2263 4087 Triumviris
2296 4033 2405 4096 jam
2450 4035 2580 4087 dixi·

444 4101 468 4133 ¹
497 4103 724 4151 Metellus
745 4119 917 4167 quoque
941 4102 1106 4165 Celer]
1141 4102 1258 4163 Ine,
1275 4100 1328 4149 ni
1347 4097 1441 4147 fal·
1520 4125 1651 4174 mus,
1672 4118 1733 4159 ει
1757 4109 1821 4161 de
1845 4108 2194 4171 primipilatu,

378 4192 476 4243 lor,
491 4180 580 4245 qui
601 4189 784 4243 postea
807 4180 1047 4245 Creticus
1073 4178 1242 4226 dictus
1263 4183 1364 4239 est,
1385 4182 1442 4225 et
