3144 4925
599 431 730 498 566
1211 441 1526 490 vAuunn
1578 437 1873 488 MAxrmr
1925 437 2070 485 mn.
2120 438 2186 483 ν.

597 587 775 672 mitti
805 589 1160 670 oporteret,
1188 600 1406 665 neque
1433 579 1693 646 emendi
1722 579 1867 660 ejus
1894 578 2181 642 facultas
2220 581 2422 653 esset,
2452 580 2794 643 matronas

605 693 986 754 ornamenta
1018 704 1140 749 sua
1183 685 1250 748 in
1296 680 1599 746 aerarium
1644 681 1949 744 retulisse
1974 685 2057 743 :³5
2103 673 2530 760 similiterque
2560 675 2793 741 audie-

600 796 772 866 rant,
802 787 980 851 mille
1011 786 1233 869 pondo
1280 783 1443 858 auri,
1476 801 1626 865 quae
1675 780 1887 844 Gallis
1918 799 2041 862 pro
2092 779 2436 845 obsidione
2468 778 2796 861 Capitolii

603 889 934 974 promissa
994 886 1418 956 debebantur,
1469 901 1698 946 earum
1742 882 1931 945 cultu
1978 877 2332 964 expleta-³⁶
2381 875 2386 879 ’
2421 879 2665 962 Itaque
2721 884 2801 942 et

601 991 874 1075 proprio
901 988 1189 1070 ingenio,
1222 992 1289 1048 et
1331 984 1641 1066 exemplo
1668 983 2033 1047 vetustatis
2076 981 2423 1058 admoniti,
2452 979 2634 1046 nulla
2664 981 2796 1044 sibi

604 1095 674 1156 in
702 1112 772 1156 re
803 1089 1205 1156 cessandum
1235 1081 1834 1150 existimaverunt?

1514 1301 1905 1350 EXTERNA.

691 1443 754 1505 1.
798 1441 933 1505 Sed
962 1444 1026 1502 et
1057 1445 1332 1503 externa
1343 1445 1393 1486 ³⁷
1438 1435 1734 1519 ejusdem
1758 1433 2088 1516 propositi
2114 1432 2425 1516 exempla
2452 1433 2797 1514 attingam.

607 1543 762 1607 Rex
792 1541 1286 1606 Atheniensium
1323 1535 1619 1614 Codrus}
1664 1557 1819 1601 cum
1850 1535 2095 1616 ingenti
2123 1533 2415 1598 hostium
2436 1534 2738 1597 exercitu
2756 1541 2799 1569 ¹¹¹

606 1645 830 1708 Attica
877 1644 1060 1724 regio
1081 1640 1130 1687 ³⁸
1177 1640 1533 1704 debilitata
1570 1638 1737 1701 ferro
1772 1636 2047 1718 ignique
2079 1638 2466 1710 vastaretur,
2499 1633 2801 1698 diffiden-

605 1747 702 1809 tia
729 1745 1000 1808 humani
1047 1742 1280 1807 auxilii
1326 1741 1411 1805 ad
1443 1739 1788 1824 Apollinis
1835 1735 2147 1819 Delphici
2191 1736 2536 1800 oraculum
2568 1731 2801 1801 confu-

603 1847 720 1930 git,
762 1863 1016 1928 perque
1075 1843 1334 1926 legatos
1397 1842 1783 1906 sciscitatus
1837 1842 1965 1914 est,
1996 1843 2325 1920 ‘quonam
2372 1837 2573 1902 modo
2626 1837 2797 1902 illud

605 1955 741 2010 tam
769 1965 970 2027 grave
1014 1945 1264 2008 bellum
1313 1944 1562 2008 discuti
1610 1939 1872 2025 posset.'
1959 1939 2347 2022 Respondit
2396 1938 2612 2017 DeuS,
2646 1941 2667 1972 ‘
2688 1939 2800 2003 lta

604 2046 806 2110 finem
837 2047 902 2108 ei
929 2045 1095 2121 fore,
1125 2045 1183 2107 si
1211 2045 1360 2127 ipse
1402 2043 1631 2108 hostili
1672 2061 1872 2106 manu
1916 2040 2326 2105 occidisset!
2413 2038 2616 2117 Quod
2648 2040 2799 2122 qui-

605 2147 758 2210 dem
801 2164 930 2208 non
970 2145 1186 2208 solum
1234 2145 1394 2207 totis
1443 2143 1950 2208 Atheniensium
1994 2141 2067 2204 in
2117 2143 2380 2220 castriS,
2429 2141 2549 2206 sed
2596 2143 2799 2206 etiam

605 2245 954 2312 contrariis
979 2255 1029 2296 ³9
1073 2247 1464 2328 percrebuit.
1555 2245 1793 2329 quue
1841 2245 2085 2308 factum
2130 2250 2258 2320 est,
2290 2251 2368 2307 ut
2409 2243 2799 2319 ediceretur,

607 2355 628 2382 ‘
657 2368 741 2412 ne
771 2349 920 2432 quis
952 2347 1157 2412 Codri
1201 2367 1450 2431 corpus
1477 2347 1951 2412 vulneraret.'40
2039 2346 2119 2409 Id
2161 2352 2521 2429 postquam
2552 2363 2797 2428 cogno-

1824 2510 1883 2529 Ὀ

602 2612 720 2653 tuor
729 2604 882 2656 codd.
895 2606 1110 2655 Tor-ren.
1121 2607 1488 2655 demissa—36
1502 2608 1516 2633 ‘
1528 2606 1741 2664 Septem
1760 2603 1889 2651 Mss.
1902 2609 1960 2653 et
1970 2603 2117 2666 Mog.
2132 2604 2251 2666 quod
2318 2602 2596 2652 debebatur.-
2610 2603 2801 2664 Copes.

603 2676 658 2717 et
671 2670 914 2718 tredecim
933 2670 1018 2718 alii
1036 2684 1150 2718 cum
1167 2670 1290 2719 Vct.
1303 2675 1360 2718 et
1372 2670 1516 2732 Mog.
1536 2670 1793 2729 expletum.
1817 2668 2013 2717 Brand.
2028 2668 2151 2716 Vet.
2170 2667 2520 2730 Ald.sliaeque
2534 2674 2657 2716 ante
2677 2667 2797 2729 Pig-

603 2734 739 2781 hium
760 2748 846 2795 pro
868 2734 1098 2782 obsidione
1175 2732 1274 2782 uod
1311 2732 1535 2781 restitui.
1575 2732 1849 2780 Tor-renius
1896 2732 2075 2780 malin
2118 2732 2255 2787 Quod
2280 2732 2437 2781 Gallis
2452 2744 2539 2793 pro
2561 2731 2799 2781 obsidione

607 2796 836 2861 Capitolii
855 2798 1022 2845 omissa
1041 2797 1152 2846 debe
1181 2804 1310 2845 atur.
1345 2798 1475 2845 Mihi
1500 2796 1671 2859 potius
1696 2796 1867 2858 placet
1892 2796 2049 2845 lectio
2071 2796 2217 2857 Mog.
2242 2797 2361 2857 quod
2380 2796 2541 2844 Gallis
2556 2810 2643 2857 pro
2674 2795 2799 2845 obsi·

601 2861 740 2910 dione
758 2862 985 2923 Capitolii
995 2862 1223 2924 promisso
1244 2860 1508 2919 debebatur,
1532 2875 1691 2908 earum
1712 2862 1843 2908 cultu
1861 2862 2110 2921 expletum.
2147 2860 2407 2919 Promisso,
2446 2860 2481 2907 i.
2516 2873 2565 2908 e.
2588 2874 2653 2907 ex
2679 2873 2797 2921 pro-

601 2926 755 2975 misso
776 2926 933 2975 habet
949 2939 1151 2989 quoque
1167 2926 1248 2975 ed.
1267 2926 1408 2987 LipS.
1423 2925 1560 2989 apud
1570 2924 1930 2973 'Phanuel-um!
1954 2926 2243 2986 Kana—37
2260 2924 2391 2972 Tres
2410 2921 2557 2972 codd.
2574 2937 2689 2971 cum
2714 2923 2798 2973 ed.

603 2988 666 3037 Li
673 3005 749 3051 ps.
768 2988 878 3049 Age
894 2996 1115 3050 externa,
1130 2990 1344 3038 totidem
1359 2988 1430 3039 At
1443 2994 1657 3051 externa,
1677 2988 1777 3037 duo
1792 3003 1907 3036 cum
1926 2988 2070 3050 Meg.
2095 2986 2219 3037 Sunt
2233 2992 2279 3036 et
2296 2992 2511 3043 externa,
2534 3001 2665 3035 unus
2687 2986 2798 3048 Age

602 3060 712 3101 sunt
735 3059 952 3115 externa,
973 3051 1224 3101 tredecim
1263 3068 1377 3102 cum
1415 3054 1555 3117 Mog.
1589 3052 1833 3101 omittunt
1866 3052 1989 3101 attin
2026 3066 2118 3099 am.
2154 3051 2304 3101 Unde
2325 3050 2603 3099 Torrenius
2627 3058 2797 3115 putat,

602 3117 902 3179 legendum:
943 3120 1067 3177 Age,
1082 3122 1187 3164 sunt
1206 3121 1461 3165 etexterna
1479 3151 1492 3165 .
1512 3152 1525 3165 .
1545 3150 1559 3164 .
1582 3118 1941 3178 amplae-38
2024 3116 2180 3164 attica
2192 3116 2325 3175 regio
2340 3116 2393 3162 in
2407 3114 2549 3163 Dan.
2574 3123 2628 3163 et
2652 3115 2800 3165 Leid.

603 3184 651 3228 7.
698 3180 790 3229 sed
814 3181 895 3228 hic
915 3182 977 3227 M
996 3188 1311 3242 expunctum
1334 3187 1430 3229 est.
1487 3181 1615 3229 Mox
1637 3196 1723 3242 que
1746 3180 1895 3229 deest
1916 3178 2028 3229 fere
2046 3180 2099 3227 in
2122 3180 2354 3228 omuibus
2376 3178 2657 3229 codicibus
2672 3194 2797 3242 qno-

603 3258 716 3291 rum
741 3244 896 3307 aliqui
918 3243 1111 3291 habent
1117 3242 1257 3302 ferro
1279 3248 1322 3291 el
1345 3244 1470 3304 igni,
1490 3243 1697 3307 quidam
1720 3248 1769 3291 et
1785 3244 2192 3307 superscriptum
2213 3259 2228 3303 ς
2260 3242 2356 3291 sed
2376 3244 2553 3305 plures
2588 3244 2797 3293 omnino

601 3307 866 3366 omittunt,
899 3312 958 3356 ut
993 3306 1119 3355 facit
1149 3307 1306 3355 etiam
1342 3308 1487 3369 Mog.
1539 3308 1668 3355 Tum
1705 3307 1942 3371 plerique
1976 3308 2157 3371 scripti
2180 3313 2278 3356 tum
2296 3322 2445 3368 grave
2466 3307 2587 3355 illud
2608 3307 2795 3367 bellum,

602 3386 717 3418 cum
737 3370 917 3419 eadem
941 3371 1317 3421 editione—39
1349 3370 1435 3419 Ita
1455 3378 1659 3420 veteres
1681 3372 1819 3435 typis
1838 3372 2092 3433 expressi,
2114 3379 2169 3419 et
2189 3376 2404 3435 uterque
2428 3371 2584 3420 etiam
2598 3371 2796 3421 Brand.

601 3434 814 3497 Pighius
834 3449 864 3483 e
888 3434 1088 3483 duobus
1111 3434 1262 3483 codd.
1287 3436 1587 3499 scripserat,
1616 3450 1710 3484 non
1730 3437 1874 3483 solum
1896 3436 2013 3483 totis
2032 3435 2253 3497 Athenis,
2286 3437 2367 3484 ned
2386 3437 2440 3483 in
2459 3436 2629 3484 castris
2648 3436 2796 3485 etiam

599 3500 869 3547 contrariis.
902 3499 954 3547 id
973 3499 1126 3548 habet
1147 3500 1280 3547 solus
1311 3500 1498 3564 Ultraj.
1523 3500 1669 3562 prim.
1705 3500 1872 3548 ceteri
1902 3501 2017 3548 totis
2036 3498 2401 3548 Atheniensium
2420 3500 2593 3548 castris
2613 3498 2719 3564 (vel
2742 3500 2795 3547 in

597 3562 790 3625 castris)
808 3565 890 3613 sed
906 3564 1048 3616 etiam
1069 3564 1334 3613 causariis.
1369 3578 1484 3613 cum
1506 3565 1741 3613 omnibus
1766 3563 2067 3613 editis.—-40
2106 3563 2291 3626 Ultraj.
2315 3567 2364 3613 2.
2400 3571 2455 3613 et
2478 3564 2622 3627 Mog.
2644 3562 2795 3611 viola-

1590 3710 1803 3759 NOTAE

666 3822 697 3851 ¹*
730 3821 832 3871 An.
856 3823 933 3871 M.
957 3825 1103 3871 3840.
1161 3821 1248 3872 01.
1281 3824 1392 3871 141.
1415 3825 1466 3870 3.
1522 3821 1652 3871 Urb.
1798 3828 1835 3854 ¹¹¹
1866 3821 2094 3871 Hostium
2148 3822 2383 3885 exercitu]
2450 3822 2556 3875 Qui
2612 3824 2791 3873 hostes

602 3898 666 3947 C.
687 3901 801 3947 539.
859 3897 984 3946 Ant.
1011 3897 1104 3945 ch.
1125 3900 1240 3945 213.
1735 3897 1810 3945 illi
1832 3896 2044 3961 fuerint,
2068 3898 2340 3948 obscurum
2382 3907 2494 3948 cst:
2531 3899 2796 3960 Pelopon·

665 3971 680 4004 ¹
716 3972 921 4031 Codrus]
953 3972 1085 4020 Post
1106 3972 1240 4019 illius
1255 3979 1471 4021 mortem
1494 3972 1653 4021 Athe·
1734 3972 1903 4021 nesios
1926 3974 2196 4037 appellant
2240 3974 2524 4024 Pausanias
2547 3981 2602 4023 et
2638 3974 2795 4025 Oros.

598 4045 802 4094 aienses
855 4046 950 4095 sub
995 4046 1348 4095 Archontibus
1387 4050 1656 4111 perpetuis
1734 4048 2019 4097 Dorienses
2058 4047 2275 4099 .Herod.
2370 4049 2793 4103 Lacedaemonios

596 4119 953 4245 ξιιιιῑιωίιήῐὲυιίιυί
991 4129 1176 4185 postea
1215 4122 1465 4175 decennio
1503 4123 1657 4185 finiti,
1735 4123 1985 4174 Velleius.
