3144 4925
554 405 685 472 758
946 465 981 476 ,,
1132 419 1441 471 imminu
1493 421 1782 474 maxim
1834 423 1976 472 mn.
2025 425 2186 472 vni.

556 565 821 649 Dignus
846 566 972 630 hae
1006 565 1501 632 vicissitudine⁴
1539 583 1766 649 poenae
1819 566 1985 631 fuit:
2032 567 2345 650 quoniam
2386 569 2744 634 haeredita·

554 674 692 732 tem
722 667 1097 745 absumere,
1126 685 1328 750 quam
1356 667 1682 733 haeredem
1705 667 1946 733 maluit
1981 668 2272 732 tollere.·

636 769 699 834 2.
746 767 825 833 G.
857 775 1083 835 autem
1116 767 1402 847 Marius,
1442 787 1596 834 eum
1625 779 1934 851 magnum
1977 775 2046 833 et
2090 770 2451 833 salutarem
2479 770 2744 853 reipub·

552 869 708 933 licae
737 870 953 935 civem
980 870 1049 933 in
1080 867 1155 934 1.
1190 869 1548 935 Saturnino
1577 871 2022 954 opprimendo
2043 879 2070 908 ⁸
2111 873 2379 954 egisset,
2425 891 2466 935 a
2495 889 2628 952 quo
2670 871 2741 934 in

551 970 820 1034 modum
850 970 1086 1036 vexilli
1116 971 1367 1054 pileum
1396 971 1704 1037 servituti
1736 971 1822 1036 ad
1863 991 2050 1036 arma
2077 971 2407 1056 capienda
2451 978 2741 1036 ostenta-

550 1077 690 1136 tum
720 1080 900 1152 erat3
946 1074 1024 1137 L.
1050 1073 1240 1157 Sylla
1282 1093 1436 1138 cum
1468 1074 1764 1138 exercitu
1813 1074 1879 1137 in
1911 1073 2163 1138 Urbem
2189 1075 2623 1155 irrumpente,
2655 1071 2740 1136 ad

552 1173 875 1236 auxilium
906 1193 1251 1238 servorum
1288 1175 1471 1259 pileo
1502 1176 1809 1250 sublato,⁵
1831 1174 1858 1212 ¹³
1901 1177 2216 1256 confugit.
2306 1175 2552 1257 Itaque
2581 1173 2740 1236 dum

550 1273 841 1352 facinuS,
904 1274 1085 1359 quod
1118 1277 1445 1358 punierat,
1473 1277 1792 1353 imitatur,
1830 1277 2108 1341 alterum
2141 1275 2470 1341 Marium‘
2533 1293 2577 1340 a
2608 1294 2744 1359 quo

552 1373 969 1467 affligeretur,
996 1375 1298 1442 invenit?

633 1479 701 1542 3.
748 1477 828 1544 C.
859 1477 1071 1544 vero⁶
1113 1480 1414 1545 Licinius
1460 1480 1732 1559 Stolo,¹
1775 1481 1971 1565 cujus
2021 1481 2346 1546 beneficio
2395 1481 2572 1564 plebi
2619 1499 2740 1564 pe-

547 1580 727 1647 tendi
766 1582 1183 1648 consulatum
1230 1588 1535 1666 potestas
1570 1583 1753 1647 sacta
1806 1589 1935 1660 est,
1983 1602 2135 1647 cum
2181 1583 2324 1665 lege
2375 1585 2740 1660 sanxisset,

550 1690 675 1748 ‘ne
708 1683 857 1767 quis
883 1685 1175 1767 amplius
1223 1704 1423 1767 quam
1464 1685 1825 1768 quingenta
1868 1686 2012 1766 agri
2047 1685 2287 1768 jugera
2330 1684 2744 1768 possideret,'

548 1785 697 1869 ipse
732 1783 913 1848 mille
952 1787 1405 1869 comparavit:
1477 1786 2124 1869 dissimulandique⁷
2185 1786 2484 1851 criminis
2529 1789 2743 1868 gratia

547 1886 892 1950 dimidiam
920 1892 1175 1968 partem
1222 1886 1364 1951 filio
1410 1888 1890 1970 emancipavit.
1980 1887 2204 1966 Quam
2256 1889 2342 1952 ob
2388 1907 2660 1953 causam
2697 1909 2740 1952 a

548 1987 647 2052 Μ.
679 1987 949 2070 Popilio
980 1988 1257 2053 Laenate
1304 1999 1694 2067 accusatae,
1741 1991 1993 2074 primus
2044 2009 2166 2053 sua
2215 1989 2356 2070 lege
2405 1989 2653 2054 cecidit
2680 1997 2744 2052 τ’

548 2109 631 2153 ac
661 2089 895 2152 docuit
920 2089 1085 2153 nihil
1116 2088 1301 2153 aliud
1330 2093 1610 2174 praecipi
1659 2092 1924 2168 debere,
1970 2090 2104 2154 nisi
2134 2090 2314 2172 quod
2342 2092 2529 2174 prius
2558 2092 2738 2172 qnis-

548 2209 677 2273 que
706 2191 837 2253 sibi
874 2189 1349 2272 imperaverit*

544 2387 659 2510 quir
659 2381 892 2438 Quoniam
914 2383 1084 2432 maluit
1102 2382 1221 2433 bom
1238 2397 1324 2434 m
1346 2385 1444 2447 ipae
1464 2375 1702 2438 deierare,
1740 2397 1880 2446 qurum
1917 2382 2103 2430 ium-um
2137 2382 2344 2433 laer-eda
2377 2382 2560 2446 aliquot
2591 2383 2736 2432 relin-

656 2461 699 2497 e.

545 2679 604 2722 ut
628 2680 708 2723 est
730 2673 781 2723 in
803 2672 949 2738 Μῦς.
1006 2675 1199 2725 ceteri:
1233 2677 1390 2739 ampla
1410 2674 1470 2724 ab
1491 2688 1545 2723 eo
1564 2674 1732 2724 relicta
1751 2675 2006 2735 latifundia
2019 2691 2040 2735 ,-
2070 2690 2282 2740 quorum
2319 2659 2431 2725 fere
2450 2677 2516 2726 τὰ
2531 2678 2734 2739 proedin,

532 2736 835 2799 facultatem,
884 2746 938 2789 et
966 2742 1213 2802 pecuniam
1262 2747 1439 2804 putem
1485 2752 1602 2787 esse
1644 2740 1986 2801 glossemata!
2039 2742 2329 2790 Torum—4
2361 2741 2550 2803 Ultraj.
2591 2745 2640 2789 2.
2681 2750 2737 2791 et
2774 2754 2780 2762 ·

542 2802 687 2865 Mog.
722 2804 809 2851 Ιωσ
846 2818 877 2851 a
906 2803 1246 2853 vicissitudine.
1314 2804 1331 2832 ‘
1354 2804 1483 2852 Mox
1516 2816 1612 2866 pro
1648 2804 1808 2852 tollere
1843 2804 2058 2867 Pighius
2094 2806 2145 2853 in
2177 2806 2406 2867 margine
2441 2815 2735 2863 notaverat,

544 2867 673 2916 alios
694 2866 887 2916 habere
908 2868 1074 2928 colere,
1105 2868 1219 2932 ipse
1244 2873 1412 2917 tamen
1438 2866 1658 2930 conjicit
1682 2869 1839 2925 oleru
1874 2869 2088 2918 Colerus
2115 2870 2327 2933 corrigit
2348 2872 2562 2925 tolerare,
2594 2870 2732 2931 quod
2835 2916 2846 2923 ,

538 2924 756 2980 'Vorstio
777 2928 993 2981 mirifice
1018 2933 1227 2995 placet;
1260 2931 1479 2981 Barthio
1516 2932 1567 2980 in
1605 2938 1828 2981 mentem
1855 2934 1997 2982 venit
2019 2934 2232 2983 interire.
2299 2934 2399 2982 Sed
2423 2942 2567 2982 recte
2589 2930 2733 2981 Peri-

543 2995 717 3044 zonius
740 2996 832 3054 ait,
866 2996 991 3044 nihil
1014 2996 1315 3046 mutandum
1338 2994 1488 3046 esse!
1521 2998 1778 3059 Kapp.—5
1817 2996 1902 3045 lta
1922 2997 2076 3047 codd.
2113 3000 2326 3047 Torren.
2349 3003 2407 3047 et
2430 2996 2584 3061 Pigh.
2615 3013 2730 3047 eum

541 3058 665 3108 Vet.
706 3060 853 3123 Mog.
886 3060 1098 3109 Venett.
1136 3060 1347 3109 Mediol.
1383 3068 1439 3109 et
1476 3059 1696 3109 Assem.
1733 3063 1972 3125 superlato
2009 3061 2166 3112 Aldd.
2198 3062 2363 3113 Coun.
2401 3062 2600 3126 Gryph.
2637 3066 2734 3112 διο.

541 3136 704 3185 usque
726 3124 791 3171 ad
815 3123 1173 3187 Pighium.-¹-6
1208 3124 1283 3173 Μ.
1306 3139 1416 3173 vero
1436 3123 1596 3174 Aldd.
1635 3124 1802 3175 Colin.
1846 3125 2044 3190 Gryph.
2084 3134 2140 3175 et
2175 3124 2356 3189 Steph.
2397 3128 2455 3177 G.
2479 3141 2592 3175 vera
2611 3126 2731 3175 Vet.

541 3186 690 3247 Mog-
729 3188 943 3238 Venett.
981 3194 1039 3239 et
1073 3188 1288 3239 Mediol.
1335 3204 1452 3238 eum
1497 3189 1648 3238 codd.
1683 3190 1933 3239 omnibus.
2002 3190 2132 3239 Mox
2163 3206 2304 3253 quam
2340 3190 2518 3239 delent
2548 3204 2730 3239 novem

541 3248 695 3299 codd.
716 3251 934 3301 Torren.
976 3259 1031 3302 et
1063 3253 1209 3317 Meg.
1245 3253 1385 3316 quod
1420 3254 1694 3302 Torrenius
1729 3255 2137 3316 proetulerit.—7
2173 3256 2329 3305 Multi
2352 3254 2732 3306 codd.'1'orren.

1526 3387 1742 3437 NOTAE

602 3500 627 3525 ⁸
658 3493 721 3541 In
755 3492 819 3541 L.
855 3492 1117 3541 Saturnium
1136 3493 1461 3557 opprimendo]
1486 3494 1591 3545 Qui
1669 3493 1750 3543 bis
1773 3508 1888 3543 enm
1907 3495 1965 3543 L.
1987 3494 2168 3544 Sextio
2181 3495 2350 3557 legem
2365 3495 2503 3551 tulit.
2519 3502 2578 3545 ut
2597 3497 2731 3558 aiter

536 3580 811 3630 oppressus
835 3567 905 3615 sit
932 3568 1241 3617 Saturninus
1278 3583 1435 3632 supra
1455 3568 1592 3618 dixi·
1672 3571 1949 3623 Consulum
1973 3586 2002 3620 a
2021 3571 2171 3633 plebe
2189 3580 2484 3631 creat-etun
2510 3587 2728 3637 cumque

533 3658 669 3693 mus.
1670 3654 2022 3709 repugnarent
2065 3646 2270 3707 Pau-ee,
2337 3647 2472 3710 ipse,
2513 3662 2582 3695 ne
2616 3648 2728 3711 quis

598 3718 622 3752 ὓ
658 3719 792 3769 Pileo
810 3718 1017 3781 sublato]
1040 3719 1191 3771 Quod
1213 3719 1467 3771 libertatis
1488 3722 1589 3790 sig-
1671 3723 2007 3785 Magistratus
2041 3724 2246 3773 curulis
2277 3721 2446 3784 fieret,
2479 3723 2731 3785 impediit,

534 3810 656 3845 num
708 3801 841 3844 erat.
908 3796 1035 3843 Tres
1080 3802 1276 3845 tantum
1320 3812 1494 3847 servos
1532 3813 1590 3847 se
1671 3810 1944 3863 rerumque
1981 3814 2074 3862 per
2105 3798 2506 3863 quinquennium
2532 3799 2728 3861 potitus

526 3872 765 3935 junxisse
781 3870 953 3920 Mario
974 3868 1139 3919 refert
1163 3871 1493 3924 Plutarchus.
1671 3882 1782 3923 estz
1818 3874 1896 3923 bis
1918 3876 2074 3924 etiam
2096 3872 2284 3938 postea
2303 3876 2495 3925 Consul
2516 3875 2706 3926 faetus.

597 3953 621 3981 ⁸
649 3948 872 3996 Alterum
902 3945 1141 4011 Marium]
1172 3946 1383 4011 Syllam,
1420 3963 1451 3997 a
1488 3964 1590 4013 quo
1735 3956 1756 3982 θ
1775 3950 1984 4013 Cecidit]
2006 3952 2290 3999 Damnatus
2306 3949 2484 3999 decem
2501 3950 2727 3999 millibus

533 4020 672 4071 urbe·
686 4023 859 4085 pulsus
883 4029 979 4073 est.
1671 4026 1806 4075 aeris.
2654 4032 2660 4037 ’

526 4100 531 4105 “
597 4096 629 4125 *
660 4096 761 4147 An.
806 4096 883 4148 Μ.
923 4102 1070 4149 3966.
1123 4096 1210 4151 01.
1236 4102 1344 4150 173.
1372 4104 1416 4153 Ι.
1456 4100 1590 4151 Urb.
1732 4105 1756 4152 'l'
1785 4098 1886 4149 An.
1909 4100 1986 4149 M.
2003 4104 2116 4149 693.
2143 4100 2228 4150 01.
2264 4104 2375 4151 104.
2405 4104 2456 4150 4.
2511 4099 2642 4150 Urb.
2663 4100 2712 4151 O

534 4169 595 4223 C.
616 4176 729 4221 665.
760 4172 893 4224 Ant.
915 4176 1013 4225 ch.
1035 4180 1117 4226 87.
1667 4178 1782 4227 892.
1803 4174 1928 4227 Ant·
1953 4175 2048 4225 Ch.
2071 4178 2184 4224 860.

530 4294 535 4297 .
594 4246 620 4282 ⁶
648 4246 863 4301 uem
896 4248 1055 4311 Stolo]
1086 4250 1190 4302 Qui
1212 4248 1465 4303 Tribunus
1483 4251 1592 4315 ple·
