3144 4925
966 393 1127 442 σω».
1160 391 1242 441 n.
1290 391 1387 441 nn
1434 387 2005 442 anonumum.
2463 374 2596 443 841

386 525 573 590 nulla
618 524 855 607 injuria
891 521 1275 599 lacessitus,
1326 520 1446 584 sed
1492 520 1676 602 quod
1723 522 1794 584 in
1842 519 1951 586 his
1999 519 2366 585 maximam
2413 520 2598 603 apud

391 628 643 692 Persas
692 625 1057 709 probitatis
1102 631 1171 690 et
1212 622 1620 688 fortitudinis
1666 622 1933 688 laudem
1981 622 2360 688 consistere
2410 622 2598 688 vide·

389 730 528 794 bat.

472 831 543 896 8.
589 827 941 892 Consimili
968 846 1209 910 genere
1252 825 1699 892 aemulationis
1749 825 2070 890 instincta
2117 826 2366 892 civitas
2395 825 2602 894 Athe·

393 931 755 1007 niensium,
785 928 1053 1011 indigno
1084 928 1311 1009 gloriae
1342 945 1485 992 suae
1508 934 1530 972 ⁵
1538 935 1555 964 ¹
1621 926 1898 992 decreto
1936 928 2400 1010 AEginensium
2418 927 2437 964 ‘
2489 929 2601 1012 ju-

397 1033 655 1102 ventuti
705 1031 997 1114 pollices
1048 1030 1381 1108 abscidit3
1446 1036 1522 1092 ut
1570 1029 1792 1092 classe
1838 1035 2082 1113 potens
2129 1028 2427 1113 populus
2447 1038 2478 1066 ‘¹
2531 1032 2604 1094 in

395 1138 733 1201 certamen
758 1133 1239 1196 maritimarum
1268 1132 1505 1198 virium
1552 1151 1778 1196 secum
1814 1130 2230 1196 descendere
2259 1132 2603 1216 nequiret&

399 1236 561 1300 Non
588 1253 887 1318 agnosco
918 1232 1220 1299 Athenas
1260 1233 1484 1298 timori
1528 1231 1902 1297 remedium
1945 1251 1987 1296 a
2029 1231 2430 1302 crudelitate
2457 1253 2604 1301 mu·-

396 1343 683 1414 tuantes.

480 1441 551 1506 9.
598 1440 843 1504 Saevus
896 1437 1099 1503 etiam
1144 1437 1257 1502 ille
1316 1436 1505 1515 aenei,
1533 1437 1708 1501 tauri
1749 1436 2111 1514 inventor,v
2174 1457 2314 1520 quo
2361 1436 2606 1504 inclusi

400 1541 687 1606 subditis
715 1540 1007 1622 ignibus,
1056 1538 1255 1620 longo
1292 1545 1373 1618 ,et
1419 1537 1654 1606 abdito
1707 1538 2037 1614 cruciatu,
2081 1539 2381 1624 mugitus
2427 1559 2612 1605 reso-

396 1647 666 1706 nantem
695 1642 1003 1726 spiritum
1022 1647 1073 1686 5²
1118 1641 1308 1704 edere
1334 1641 1762 1722 cogebantur,
1791 1660 1874 1704 ne
1899 1639 2192 1724 ejulatus
2225 1659 2457 1706 eorum
2485 1641 2607 1706 hn-

400 1763 619 1808 manae
671 1761 845 1808 sono
896 1743 1082 1808 vocis
1112 1743 1417 1826 expressi
1469 1741 1860 1807 Phalaridis
1909 1744 2173 1825 tyranni
2229 1743 2607 1808 misericor·-

394 1845 585 1910 diam
612 1845 971 1929 implorare
999 1850 1303 1927 possent.
1393 1841 1644 1921 Quam,
1695 1845 1860 1927 quia
1907 1844 2322 1910 calamitosis
2371 1844 2606 1909 deesse

400 1947 635 2026 voluit,
663 1947 1073 2012 teterrimum
1100 1947 1271 2010 artis
1306 1965 1449 2012 suae
1480 1965 1658 2029 opus
1689 1947 1946 2029 primus
1963 1946 2209 2012 artifex
2224 1943 2536 2010 inclusus
2556 1951 2606 1992 ⁵³

404 2049 645 2113 merito
676 2048 1077 2130 auspicatus
1108 2040 1267 2111 est?

1328 2227 1688 2246 OOOOOOOOOOO

409 2357 581 2419 vulgo,
624 2363 673 2407 et
714 2357 1060 2422 ampliasse-61
1095 2358 1328 2421 ‘Malim,
1367 2361 1526 2420 gloria
1561 2359 1683 2410 sna?
1723 2361 1860 2424 Gay.
1926 2359 2011 2408 Sic
2056 2359 2216 2409 habet
2256 2359 2401 2408 Leid.
2442 2359 2610 2424 quint.

406 2422 510 2473 Sed
537 2423 652 2473 vide
675 2438 803 2488 quos
823 2423 955 2473 citat
974 2424 1054 2474 cl.
1079 2423 1405 2473 Burmannus
1426 2423 1491 2473 ad
1512 2424 1696 2475 Phaed.
1719 2438 1792 2475 rr.
1813 2428 1897 2473 20.
1949 2424 1965 2450 ‘
1985 2423 2245 2488 Quicquid
2263 2423 2474 2487 putabit
2492 2439 2610 2476 esse

408 2488 616 2551 dignum
639 2487 1069 2540 memoriae.':-52
1103 2488 1119 2515 ‘
1137 2488 1352 2551 Pighius
1371 2494 1617 2537 resonante
1647 2489 1861 2551 spiritu,-
1895 2492 1954 2537 ut
1979 2488 2031 2536 in
2056 2488 2243 2551 Copes.
2272 2487 2418 2537 Leid.
2455 2491 2610 2551 prim.

410 2552 571 2601 Bau-b.
609 2552 759 2615 prim.
796 2558 850 2601 et
882 2552 1076 2614 Ultraj.
1108 2565 1213 2600 sec.
1250 2550 1417 2600 Aldus
1446 2560 1501 2601 et
1524 2554 1710 2611 ceteri,
1730 2557 2028 2600 resonantem
2050 2552 2288 2615 spiritum.
2357 2552 2612 2603 Nonnulli

406 2632 523 2666 curu
544 2618 687 2680 Mog.
707 2618 847 2678 longo
876 2620 923 2664 et
943 2614 1103 2664 abdito
1124 2615 1335 2665 cruciatu
1364 2618 1580 2678 mugitus
1617 2622 1878 2673 resonante,
1907 2616 2131 2678 spiritum
2152 2619 2288 2665 edere
2308 2616 2611 2677 cogebantur.

408 2680 627 2729 Rectum
649 2680 875 2743 videtur,
896 2684 1189 2729 resonantem
1209 2679 1449 2741 spiritum.
1516 2682 1636 2730 Non
1662 2688 1866 2729 tantum
1886 2681 2210 2743 cogebantur
2224 2682 2361 2729 edere
2383 2682 2611 2741 mugitus.

407 2746 581 2807 spirita
600 2751 865 2805 resonante,
883 2745 973 2791 sed
996 2746 1130 2793 edere
1150 2745 1373 2807 spiritum
1392 2746 1426 2793 i.
1451 2760 1498 2795 e.
1516 2746 1679 2806 mori;
1720 2753 1773 2793 et
1794 2746 1932 2793 hunc
1954 2748 2244 2793 resonantem
2263 2743 2491 2807 mugitus,
2511 2744 2546 2791 i.
2563 2760 2611 2795 e.

408 2811 729 2870 cogebantur
750 2808 948 2871 mugire
984 2809 1123 2857 inter
1145 2809 1485 2858 moriendum.
1556 2808 1708 2860 Quod
1734 2810 1912 2871 itaque
1938 2806 2181 2858 restitui)
2222 2808 2415 2859 Torren.
2463 2808 2612 2859 ,Mox

412 2875 644 2935 pauculi,
678 2888 737 2923 ne
768 2874 1005 2929 ululatu-s,-
1040 2874 1158 2924 Par.
1192 2877 1239 2921 2.
1277 2889 1335 2921 ne
1369 2872 1443 2921 illi
1473 2875 1698 2922 ululatus.
1770 2873 1978 2921 Deinde
2011 2872 2202 2935 Ultraj.
2239 2876 2289 2921 1.
2327 2876 2377 2921 2.
2398 2872 2520 2921 Vct.
2555 2880 2613 2921 et

411 2936 561 3000 Mog.
604 2936 947 2987 intimum—53
983 2938 1148 2986 Recte
1190 2938 1385 2986 omittit
1422 2938 1610 3001 Copes.
1653 2936 1712 2986 τὸ
1743 2936 1944 2996 artifex.
2007 2938 2212 2987 Vellem
2253 2944 2311 2987 et
2329 2935 2386 2985 τὸ
2406 2936 2615 2985 inclusus

414 3001 702 3061 omitteret,
722 3008 997 3064 utrumque
1019 3002 1153 3049 enim
1176 3001 1300 3049 mihi
1336 3001 1541 3051 videtur
1575 3009 1744 3051 ortum
1767 3017 1798 3050 a
1820 3002 1988 3065 glossa
2007 3000 2239 3063 hominis,
2276 3000 2363 3065 qui
2398 3000 2449 3048 in
2481 3016 2614 3049 mar-

412 3064 534 3126 gine
552 3065 755 3115 notavit
776 3065 962 3125 artifex
981 3064 1200 3115 inclusus.
1238 3065 1479 3118 Perizon.
1545 3066 1746 3125 Artifex
1761 3069 2011 3116 omittunt
2033 3065 2194 3117 etiam
2215 3064 2364 3117 Harl.
2380 3065 2548 3116 Paris.
2559 3072 2616 3115 et

1404 3245 1456 3295 N
1462 3244 1620 3293 01·AE

480 3392 501 3437 i
537 3386 640 3437 An.
664 3388 741 3435 Μ.
764 3392 911 3439 seeo.
962 3389 1049 3439 01.
1087 3393 1197 3440 104.
1239 3395 1283 3440 ι.
1340 3391 1470 3441 vrb.
1621 3397 1646 3450 ‡
1681 3390 1782 3440 An.
1822 3391 1900 3440 M.
1934 3391 2081 3441 3595.
2155 3388 2244 3439 01.
2269 3392 2426 3438 san.
2479 3388 2611 3437 Urb.

416 3464 483 3513 C.
504 3463 619 3511 389.
675 3462 797 3513 Ant.
822 3465 915 3513 Ch.
938 3469 1055 3514 863.
1545 3467 1616 3516 C.
1637 3470 1750 3517 294.
1808 3464 1932 3515 Ant.
1955 3466 2048 3515 Ch.
2075 3468 2188 3515 458.

480 3541 498 3571 ²
528 3540 881 3603 AEginensinm]
915 3540 1101 3604 AEgina
1132 3542 1298 3591 insula
1320 3542 1474 3591 maris
1568 3570 1572 3575 -
1620 3550 1644 3575 ⁷
1691 3543 1836 3591 AEnei
1891 3544 2023 3591 tauri
2081 3540 2322 3602 inventor]
2391 3539 2617 3588 Perillus

419 3617 584 3679 AEgaei
644 3616 851 3665 Piraeeo
910 3616 1194 3668 imminens.
1300 3620 1473 3668 Hodie
1557 3619 1914 3681 Atheniensis,
1945 3618 2032 3683 qui
2071 3618 2192 3667 dum
2227 3616 2353 3665 artis
2390 3615 2618 3680 pretium

422 3692 601 3754 Ε”ἒὶα-
1557 3702 1614 3745 et
1636 3698 1810 3759 operis
1835 3695 1991 3758 petit,
2012 3692 2302 3743 Phalaridis
2327 3692 2477 3756 jussu
2514 3690 2618 3754 pri-

485 3778 507 3801 ¹¹
547 3770 613 3818 Ut
635 3769 779 3818 classe
802 3772 969 3832 potens
998 3763 1355 3831 popalus1'Per
1388 3784 1477 3817 an·
1554 3784 1669 3819 mus
1715 3771 1764 3817 in
1805 3777 1956 3818 tauro
1996 3770 2222 3818 inclusus
2255 3766 2444 3830 periit:
2477 3766 2617 3814 hunc

422 3861 515 3895 nos
534 3849 619 3894 45.
651 3845 791 3893 inter
813 3843 1155 3893 Athenienses
1183 3851 1238 3891 et
1270 3845 1475 3907 AEgine·
1559 3852 1764 3894 taurum
1782 3845 2011 3908 Apollini
2028 3845 2282 3908 Delphico
2301 3858 2330 3891 a
2344 3842 2618 3891 Phalaride

426 3933 505 3974 tas
528 3924 673 3973 vario
692 3928 855 3970 marte
894 3928 1181 3984 pugnatum
1206 3926 1319 3970 est:
1352 3921 1475 3968 ‹luo-
1560 3928 1924 3971 consecratum
1981 3918 2146 3969 refert
2189 3917 2474 3977 Lucienu83
2528 3915 2620 3963 'ri-

422 3999 516 4049 bus
536 4000 747 4048 tandem
772 3996 967 4061 praeliis
997 3996 1125 4046 victi
1146 3996 1398 4059 AEginetae
1422 4002 1477 4044 et
1561 4010 1724 4044 maeus
1759 4010 1884 4044 vero
1923 3995 1991 4044 ab
2019 3992 2378 4057 Agrigentinis
2401 3992 2454 4040 in
2477 4005 2620 4041 mare

422 4076 490 4123 ab
509 4076 757 4123 Leaen-aue
782 4072 1001 4133 obsessi,
1019 4086 1136 4120 cum
1158 4085 1277 4137 spes
1298 4070 1477 4119 arixilii
1560 4060 1872 4120 demersum.

424 4150 565 4198 nulla
588 4156 745 4209 esset,
778 4163 832 4198 se
862 4162 1052 4213 suaque
1076 4146 1477 4198 Atheniensibus
1625 4145 1655 4173 '¹
1678 4145 1779 4195 An.
1805 4145 1882 4195 M.
1904 4149 2052 4194 3482.
2099 4143 2185 4195 01.
2207 4148 2286 4196 52.
2313 4149 2360 4197 1.
2411 4144 2535 4197 Urb.
2557 4144 2618 4195 C.

428 4224 786 4291 permiserunt.
1563 4228 1674 4273 181.
1728 4222 1853 4273 Aut.
1877 4222 1970 4272 Ch.
1992 4226 2105 4271 571.
