3144 4925
572 386 704 453 876
1160 401 1469 451 vunnu
1518 396 1808 449 MAxxm
1859 399 2004 448 mn.
2053 401 2162 447 lx.

570 548 775 612 fratre
806 543 888 609 de
914 551 1191 627 paterno
1238 563 1456 626 regno,
1486 542 1601 606 sed
1629 561 1782 606 eum
1825 544 1974 625 ipso
2004 549 2193 626 patre
2235 543 2480 608 bellum
2524 546 2609 608 de
2639 546 2758 610 do-

574 645 938 710 minatione
982 644 1221 726 gessit:
1268 645 1339 706 in
1382 662 1517 724 quo
1544 643 1664 725 qui
1707 650 1819 707 aut
1855 643 2158 707 homines
2199 644 2373 707 ullos
2411 646 2756 727 adjutores

571 746 920 822 invenerit,
964 752 1078 809 aut
1124 745 1307 807 Deos
1354 745 1667 809 invocare
1714 763 1922 807 ausus
1973 746 2086 821 sit,
2129 765 2270 827 prae
2319 745 2758 811 admiratione

572 847 872 910 haereo.²²

653 948 717 1011 3.
766 945 1167 1040 Quanquam
1213 945 1375 1042 quid
1419 946 1576 1022 hoc,
1621 945 1815 1040 quasi
1847 946 2240 1019 inusitatum
2277 947 2414 1009 illis
2445 948 2756 1027 gentibus

571 1047 878 1112 miremur
898 1051 927 1111 ¹!
973 1067 1124 1112 cum
1154 1049 1487 1112 Sariaster
1504 1054 1616 1094 ²³⁸²
1658 1047 1981 1111 adversus
2013 1053 2264 1128 patrem
2297 1067 2489 1110 suum
2519 1048 2752 1128 Tigra-

572 1168 744 1224 nem,
776 1147 1105 1212 Armeniae
1133 1167 1369 1230 regem,
1397 1147 1497 1212 ita
1525 1167 1680 1213 cum
1711 1148 1948 1212 amieis
1976 1150 2397 1224 consenserit,
2427 1155 2500 1210 ut
2527 1167 2756 1211 omnes

573 1249 914 1313 dexteris‘¹
956 1251 1264 1314 manibus
1314 1250 1696 1329 sanguinem
1742 1252 2098 1324 mitterent,
2135 1255 2336 1330 atque
2385 1269 2536 1312 eum
2585 1251 2755 1312 invi-

572 1369 717 1414 cem
776 1347 1173 1415 sorberent.‘
1258 1349 1403 1412 Vix
1457 1350 1700 1412 ferrent
1714 1355 1773 1396 ²4
1813 1369 1933 1432 pro
1985 1349 2204 1414 salute
2263 1352 2559 1431 parentis
2615 1354 2756 1414 tam
2793 1355 2806 1362 '

572 1458 837 1522 cruenta
860 1453 1356 1534 conspiratione
1378 1451 1600 1515 foedus
1629 1450 1999 1514 facientem.

653 1554 716 1615 4.
763 1553 901 1618 Sed
947 1553 1115 1636 quid
1160 1571 1285 1633 ego
1331 1553 1461 1616 ista
1504 1555 1882 1626 consector,
1923 1555 2039 1612 aut
2079 1551 2240 1640 quid
2280 1551 2365 1613 iis
2411 1552 2753 1624 immoror,

571 1672 725 1717 cum
770 1653 964 1717 unius
1017 1651 1359 1736 parricidii
1403 1652 1805 1732 cogitatione
1858 1656 2098 1722 cuncta
2144 1653 2397 1714 scelera
2438 1658 2755 1738 superata

568 1772 833 1818 cernam
857 1752 889 1815 ‘t
976 1751 1171 1815 Omni
1224 1753 1421 1834 igitur
1470 1753 1724 1833 impetu
1775 1753 2042 1827 mentia,
2095 1753 2402 1814 omnibus
2454 1753 2755 1834 indigna-

566 1855 765 1919 tionis
809 1854 1089 1929 viribuS,
1124 1853 1212 1916 ad
1251 1853 1320 1916 id
1369 1852 1801 1915 lacerandum
1849 1853 1964 1932 pio
2012 1855 2226 1933 magis
2278 1873 2478 1934 quam
2528 1853 2754 1917 valido

569 1955 813 2019 affectu
863 1955 1106 2036 rapior.
1199 1952 1373 2030 Quis
1419 1953 1594 2016 enim
1653 1952 1970 2016 amicitiae
2017 1953 2150 2016 fide
2203 1955 2501 2017 extincta
2553 1971 2756 2034 genus

566 2056 923 2118 humanum
967 2056 1257 2119 cruentis
1288 2054 1359 2117 in
1404 2053 1693 2117 tenebris
1741 2053 2028 2134 sepelire
2067 2059 2390 2130 conatum,
2421 2053 2755 2133 profundo

569 2155 817 2222 debitae
880 2154 1349 2230 execrationiS‚
1421 2154 1592 2216 satis
1659 2151 2048 2217 efficacibus
2107 2155 2332 2218 verbis
2391 2153 2686 2233 adegerit
2701 2154 2756 2214 Ῥ

629 2357 650 2382 ⁶
676 2351 798 2404 Quis
834 2350 987 2399 verbis
1016 2351 1135 2398 satis
1169 2349 1435 2412 potentibus
1468 2351 1685 2401 execrari
1718 2366 1809 2414 pro
1841 2353 2010 2402 merim
2044 2351 2194 2414 possit
2225 2349 2463 2411 qu’mmm,
2482 2349 2564 2411 qui
2583 2349 2758 2397 oblitus

563 2413 799 2545 :2322ssss
824 2430 927 2464 cum
966 2415 1153 2464 Tiberio
1189 2420 1459 2479 contr-actae,
1492 2421 1685 2465 conatus
1719 2421 1788 2465 est
1818 2430 1968 2479 genus
1987 2416 2236 2465 humanum
2255 2415 2308 2464 in
2326 2415 2533 2465 crumtis
2552 2413 2756 2462 tenebris

1481 2556 1837 2585 eqeaeeeeoeeaee

560 2658 734 2705 autem.
801 2654 1080 2703 Torrenius
1103 2654 1279 2704 malit:
1315 2653 1624 2703 Mithridatis
1658 2658 1817 2709 autem
1838 2654 1994 2719 filius.
2061 2652 2170 2707 Alii
2204 2654 2354 2705 codd.
2387 2654 2580 2704 habent
2611 2659 2668 2702 ut
2700 2653 2754 2701 iu

563 2724 727 2768 textu.
795 2717 958 2767 Paulo
993 2724 1111 2780 post
1142 2718 1377 2767 undecim
1402 2716 1555 2767 codd.
1579 2732 1697 2767 cum
1715 2720 1860 2781 Mog.
1883 2726 1937 2766 et
1961 2718 2174 2765 Venett.
2195 2718 2248 2768 in
2267 2734 2356 2780 quo
2377 2720 2484 2779 quis
2503 2724 2586 2765 aut
2608 2717 2755 2765 homi-

561 2793 643 2831 nes
658 2797 677 2837 ‚-
711 2780 856 2830 Leid.
877 2787 926 2830 4.
952 2782 1148 2831 omittit
1168 2782 1421 2843 quim-22
1448 2782 1648 2830 Novem
1673 2781 1825 2831 codd.
1847 2796 1962 2831 cnm
1985 2782 2242 2829 nonnullis
2277 2782 2398 2829 edd.
2434 2789 2564 2830 vett.
2601 2794 2688 2841 pro
2709 2795 2756 2827 α.

560 2844 761 2893 habetur
775 2860 797 2901 ‚0
831 2844 952 2892 Vet.
975 2860 1061 2906 pro
1082 2860 1128 2893 a.
1148 2844 1335 2893 haberet
1344 2860 1363 2901 ,·
1397 2845 1569 2894 Bitur.
1597 2850 1644 2893 1.
1677 2846 1846 2901 haben·
1870 2846 1991 2895 Par.
2018 2848 2062 2894 1.
2082 2860 2176 2893 non
2196 2845 2516 2907 defluvia—23
2551 2844 2754 2892 F-abric.

560 2908 699 2955 Bibl.
724 2908 818 2957 Gr.
837 2920 901 2957 u.
929 2912 1007 2956 19.
1029 2924 1079 2970 p.
1103 2912 1215 2957 639.
1236 2908 1508 2971 legendum
1534 2915 1708 2969 putat,
1725 2908 2002 2957 Artabazes.
2069 2908 2236 2956 Paulo
2269 2916 2389 2970 post
2421 2908 2567 2955 multi
2601 2904 2753 2955 codd.

558 2971 756 3019 invicem
776 2971 1043 3030 solverem,-
1074 2972 1244 3021 Bitur.
1281 2976 1325 3021 1.
1360 2972 1413 3019 in
1448 2977 1646 3021 mortem
1680 2972 2055 3023 σάπεται-24
2086 2972 2101 2998 ‘
2123 2972 2368 3019 Bau-thius
2409 2971 2616 3033 legebat
2655 2970 2756 3021 Vix

552 3032 739 3093 ferrent
760 3035 877 3083 alii.-
911 3034 963 3082 in
989 3036 1265 3097 Excerptis
1300 3035 1501 3083 Donec.
1540 3035 1802 3083 adduntur
1823 3035 1964 3084 haec:
2002 3036 2018 3063 ⁶
2046 3035 2342 3093 Vixferrent
2364 3034 2458 3083 illi.
2524 3034 2628 3084 Qui
2649 3034 2758 3085 illi?

560 3098 713 3145 abest
742 3098 851 3145 haec
874 3112 972 3145 vox
994 3113 1025 3146 a
1047 3100 1319 3147 chartaceo
1340 3113 1361 3157 ;.
1380 3098 1495 3159 lege
1518 3099 1698 3161 igitur,
1725 3098 2016 3158 Vixferrem
2033 3113 2120 3160 pro
2140 3098 2328 3160 salute,’
2351 3102 2430 3160 850.
2498 3098 2632 3145 Haec
2652 3097 2756 3143 ille.

558 3158 775 3220 Aliquot
798 3161 924 3210 Mss.
944 3176 1031 3223 pro
1052 3176 1103 3209 eo
1122 3176 1257 3224 quem
1286 3160 1369 3216 vix
1391 3162 1602 3221 seirent.
1669 3164 1838 3211 Deest
1868 3163 1942 3209 iai
1972 3163 2024 3209 in
2059 3163 2186 3211 Mss,
2209 3162 2474 3209 minimum
2497 3161 2674 3209 decem
2699 3166 2756 3205 et

558 3221 693 3270 Edd.
718 3230 837 3271 ante
861 3224 1125 3286 Pighium.
1191 3225 1377 3273 Placet
1399 3225 1551 3276 valde
1575 3226 1867 3275 emendatio
1891 3226 2160 3285 Gronovii,
2196 3226 2294 3275 Vix
2313 3224 2513 3284 ferrem.
2559 3225 2753 3275 Quam-

560 3284 639 3337 vis
661 3282 727 3335 τὸ
741 3286 837 3335 alii.
854 3288 989 3350 quod
1014 3289 1229 3342 anubin
1252 3289 1307 3343 in
1326 3296 1550 3338 mentem
1577 3290 1737 3353 venit,
1757 3289 1914 3339 etiam
1935 3290 2182 3351 Pighiano
2203 3289 2278 3338 iai
2298 3288 2639 3353 praetulerim,
2657 3286 2754 3335 hoc

1543 3426 1757 3476 NOTAE

626 3518 993 3581 ¹Mithridates]
1020 3520 1141 3570 Non
1163 3520 1615 3584 Ponficusfflopm
1697 3523 1854 3571 etiam
1887 3522 2088 3584 aderat,
2109 3522 2298 3585 primas
2331 3536 2363 3575 a
2385 3520 2636 3582 Pompeio
2665 3520 2758 3569 de·

556 3593 593 3641 li
619 3592 843 3643 Romani
864 3592 1057 3653 hostis3
1104 3594 1214 3658 qui,
1234 3599 1369 3643 teste
1384 3595 1612 3657 Justiuo,
1695 3596 1849 3664 ferri2
1869 3598 1967 3646 sibi
1990 3598 2244 3646 secundas
2261 3611 2376 3646 cum
2403 3594 2569 3645 ferret
2603 3594 2753 3657 aegri-

555 3670 811 3720 moriente
837 3677 987 3734 patre
1023 3684 1153 3733 puer
1186 3676 1327 3719 erat:
1363 3669 1453 3719 sed
1476 3668 1614 3720 forte
1695 3688 1775 3733 us,
1794 3672 1859 3721 ad
1883 3686 2079 3721 coenam
2101 3672 2348 3720 invitatus
2372 3672 2547 3721 venire
2569 3670 2752 3731 noluit,

555 3748 893 3797 Mithridates
918 3750 1033 3797 Rex
1056 3748 1387 3797 Parthorum.
1692 3748 1804 3797 haec
1828 3754 2030 3797 tantum
2053 3744 2327 3809 praefatus:
2365 3748 2460 3795 ‘Se
2493 3744 2645 3794 facile
2668 3760 2752 3793 ca·

618 3832 654 3857 ¹¹¹
686 3823 952 3886 Sariaster]
986 3826 1221 3875 Vocatur
1261 3841 1292 3874 a
1333 3826 1614 3885 Plutarcho
1694 3836 1809 3871 rere
1841 3822 2111 3884 Pompeio,
2128 3822 2214 3885 qui
2249 3821 2348 3869 sibi
2381 3822 2510 3869 tales
2532 3820 2750 3868 honores

551 3898 801 3961 Tigranes
820 3901 1001 3950 minor.
1693 3896 1943 3947 haberet.'
2008 3898 2182 3947 Quare
2197 3896 2462 3959 conjectus
2475 3895 2527 3941 in
2547 3894 2752 3940 vincula

615 3981 639 4005 ¹¹
679 3976 745 4023 Ut
779 3990 936 4023 omnes
962 3974 1197 4037 dexteris]
1226 3956 1401 4038 ⁴Hujus
1434 3976 1608 4038 conju·
1692 3974 1934 4037 Pompeii
1970 3972 2282 4035 triumphum
2323 3968 2634 4020 cum-liberis
2663 3982 2750 4016 co·

558 4047 779 4097 rationis
803 4064 905 4097 non
928 4052 1161 4106 meminit
1194 4051 1507 4108 Plutarchus
1530 4067 1542 4099 ε
1582 4066 1613 4099 a
1691 4049 2004 4098 honestavit.

553 4126 705 4183 patre
738 4122 941 4185 quidem
963 4124 1027 4173 ad
1052 4125 1357 4187 Pompeium
1380 4124 1610 4187 defecit3
1756 4122 1788 4153 *
1821 4123 1922 4174 An.
1945 4124 2020 4172 Μ.
2043 4128 2190 4175 3988.
2228 4122 2316 4174 01.
2339 4126 2423 4173 78.
2446 4126 2494 4171 3.
2527 4120 2659 4171 Urb.
2686 4120 2747 4169 C.

554 4201 610 4245 at
654 4195 917 4259 aliquanto
952 4205 1071 4259 post
1092 4200 1246 4263 patri,
1268 4200 1355 4263 qui
1379 4214 1610 4263 praesens
1690 4204 1805 4249 687.
1829 4199 1954 4251 Ant.
1981 4200 2075 4250 Ch.
2097 4204 2178 4251 65.
