3144 4925
517 377 652 445 682
1103 390 1421 443 unnim
1472 390 1767 443 sumum
1813 394 1959 443 mn.
2006 391 2134 443 vu.

493 535 898 601 consilium.
988 534 1282 617 Magone
1308 536 1480 599 enim
1511 533 1887 615 Cannensis
1908 554 2145 619 pugnae
2176 534 2431 599 exitum
2454 537 2721 602 senatui

524 638 888 703 Poenorum
927 636 1298 714 nuntiante,
1339 636 1543 718 inque
1590 636 1761 701 tanti
1800 654 2155 700 successus
2197 636 2399 699 fidem
2430 637 2721 703 annulos

523 753 764 801 aureos
793 735 990 801 trium
1018 736 1387 802 modiorum
1411 744 1434 773 ⁸
1491 756 1865 802 mensuram
1916 737 2271 820 explentes
2316 736 2723 817 fundente,⁷²

518 839 642 919 qui
671 838 1038 906 interfectis
1066 838 1315 902 nostris
1361 838 1629 903 civibus
1658 839 1944 903 detracti
1972 843 2184 916 erant,
2214 838 2534 922 quaesivit
2586 842 2608 873 ‘
2632 858 2723 902 an

513 938 778 1022 aliquis
805 938 1176 1003 sociorum‘
1218 944 1378 1022 post
1406 945 1663 1004 tantam
1710 939 1976 1003 cladem
2020 958 2065 1003 a
2092 938 2420 1003 Romanis
2440 946 2496 987 ⁷³
2541 938 2723 1003 defe-

521 1039 770 1105 cisset:
791 1038 813 1065 '
867 1044 1068 1122 atque
1107 1046 1186 1103 ut
1223 1039 1482 1104 audivit
1509 1039 1841 1104 neminem
1892 1039 1979 1103 ad
2014 1038 2477 1103 Hannibalem
2505 1045 2724 1103 trans·

524 1140 685 1217 isse,
737 1141 954 1206 suasit
981 1141 1288 1224 protinus
1353 1145 1374 1175 ‘
1399 1146 1472 1205 ut
1494 1142 1700 1223 legati
1733 1142 2050 1217 Romam,
2083 1160 2207 1223 per
2236 1158 2410 1223 quos
2438 1138 2523 1202 de
2554 1157 2723 1221 pace

521 1248 855 1323 ageretur,
881 1242 1358 1308 mitten-entan’*
1446 1242 1659 1329 Cujus
1690 1244 1754 1308 si
1785 1242 2111 1308 sententia
2142 1241 2489 1317 valuisset,
2511 1258 2723 1323 neque

518 1342 818 1409 secundo
849 1344 1110 1409 Punico
1159 1343 1336 1409 bello
1382 1345 1564 1410 victa
1616 1343 1979 1427 Carthago,
2023 1361 2241 1426 neque
2284 1342 2479 1406 tertio
2507 1339 2723 1405 deleta

523 1440 721 1507 foret.
815 1476 826 1485 ·

608 1544 714 1609 17.
762 1545 876 1609 Ne
920 1545 1254 1611 Samnites
1283 1545 1555 1628 quidem
1610 1564 1861 1629 parvas
1907 1562 2151 1628 poenas
2196 1542 2573 1607 consimilis
2622 1562 2726 1607 er-

523 1644 694 1709 roris
715 1648 1187 1729 pependerunt,
1202 1647 1380 1730 quod
1403 1647 1727 1712 Hei-ennii
1744 1647 1971 1711 Pontii
1990 1654 2019 1683 ¹²
2050 1646 2343 1711 salutare
2364 1644 2723 1708 consilium

521 1746 995 1828 neglexerunt:
1042 1750 1157 1832 qui
1187 1749 1585 1815 auctoritate
1614 1755 1685 1812 et
1711 1746 2064 1831 prudentia
2086 1751 2345 1811 ceteros
2373 1750 2725 1828 praesta'ns,

525 1846 612 1910 ab
642 1850 936 1913 exercitu
967 1857 1037 1914 et
1065 1850 1210 1933 ejus
1241 1851 1410 1915 duce
1441 1849 1586 1914 filio
1628 1868 1752 1914 suo
1780 1848 2148 1924 consultus,
2194 1851 2215 1881 ‘
2238 1846 2549 1929 quidnam
2578 1844 2728 1909 fieri

527 1947 615 2011 de
666 1947 1030 2030 legionibus
1087 1951 1418 2015 Romanis
1482 1950 1665 2033 apud
1727 1949 1983 2014 Furcas
2042 1948 2391 2013 Caudinas
2450 1946 2727 2010 inclusis

525 2045 822 2125 deberet,
847 2048 1200 2115 inviolatas
1223 2050 1650 2114 dimittendas
1670 2048 1687 2074 ’
1718 2049 2092 2131 respondit.
2157 2048 2445 2111 Postero
2476 2047 2591 2111 die
2618 2066 2733 2111 ea-

529 2148 684 2212 dem
713 2149 798 2213 de
827 2167 898 2213 re
924 2150 1394 2231 interrogatus,
1440 2153 1461 2184 ‘
1486 2150 1691 2214 deleri
1717 2168 1837 2213 eas
1867 2153 2172 2231 oportere
2188 2146 2206 2172 '
2248 2146 2463 2210 dixit:
2505 2152 2583 2210 ut
2607 2152 2729 2210 aut

527 2248 828 2312 maximo
856 2248 1182 2313 beneficio
1213 2250 1426 2331 gratia
1469 2249 1763 2313 hostium
1794 2252 2139 2325 emeretur,
2188 2251 2307 2309 aut
2335 2247 2729 2328 gravissima

514 2348 784 2433 jactura
844 2349 1017 2413 vires
1071 2350 1648 2433 confringerentur.
1772 2348 1907 2413 Sed
1961 2346 2339 2429 improvida
2393 2346 2729 2411 temeritas

523 2447 873 2528 victorum,
905 2449 1063 2516 dum
1090 2456 1432 2536 utramque
1461 2457 1709 2536 partem
1760 2450 2014 2536 spernit
2058 2447 2398 2527 utilitatis,
2446 2448 2575 2512 sub
2612 2447 2728 2532 ju-

522 2568 684 2632 gum
709 2550 956 2616 missas
983 2551 1055 2615 in
1085 2553 1446 2636 perniciem
1488 2572 1681 2618 suam
1710 2541 2076 2618 accendit?

1445 2727 1805 2751 mm

523 2842 834 2908 jubentibus
858 2845 1094 2895 omnibus
1115 2847 1247 2896 Mss.
1271 2847 1575 2912 quibuscum
1614 2845 1743 2896 facit
1779 2846 1935 2896 etism
1956 2845 2081 2895 Vet.
2145 2844 2265 2893 Nec
2287 2841 2559 2892 consilium
2583 2840 2729 2890 Han-

530 2909 678 2956 nonis
704 2915 906 2957 tsntum
929 2910 1268 2960 excellentius
1291 2918 1374 2961 est
1395 2912 1613 2962 consilio
1637 2911 1889 2974 Agesilai,
1921 2915 1982 2959 ut
2014 2908 2232 2972 Pighius
2270 2905 2600 2964 existimavit,
2634 2904 2731 2953 sed

533 2972 750 3021 excellit
766 2973 906 3021 inter
927 2975 1098 3024 omnia
1110 2975 1221 3037 jam
1243 2975 1566 3025 memorata!
1600 2978 1889 3038 Romu—⁷2
1925 2973 2091 3023 Codd.
2114 2973 2331 3022 Torren.
2353 2978 2409 3020 et
2431 2969 2582 3018 editt.
2604 2976 2731 3018 ante

536 3034 772 3096 Pighium
797 3036 866 3084 ita
889 3037 1100 3099 habent,
1131 3053 1234 3088 non
1255 3054 1378 3089 vero
1398 3039 1690 3104 effundente,
1712 3052 1873 3102 quare
1894 3036 2178 3087 Torrenius
2201 3036 2420 3099 simplex
2444 3031 2729 3083 revocavit.

531 3102 663 3147 -73
697 3100 884 3162 copes.
923 3103 1140 3166 omittit,
1171 3118 1202 3151 a
1233 3103 1611 3154 Romania—⁷4
1646 3104 1835 3168 Copes.
1858 3108 1968 3152 tres
1993 3100 2176 3150 Leidd.
2201 3099 2391 3162 Ultraj.
2415 3103 2464 3149 1.
2484 3102 2535 3148 2.
2567 3095 2728 3146 Barb.

1517 3237 1741 3287 NOTAE

593 3362 616 3388 ⁶
642 3355 806 3405 Tn’um
839 3359 1118 3422 modiorum]
1171 3359 1260 3410 Ita
1296 3360 1453 3410 etiam
1488 3361 1592 3410 Eu·
1672 3361 1836 3411 serint
1857 3361 1924 3411 de
1957 3363 2125 3424 pace?
2171 3375 2288 3410 cum
2320 3360 2377 3409 id
2413 3373 2615 3424 quoque
2638 3372 2728 3408 ne·

530 3430 737 3494 tropius
767 3439 824 3480 et
858 3431 1110 3494 Orosius;
1144 3434 1271 3495 duos
1287 3435 1486 3485 modios
1505 3436 1592 3484 ha·
1672 3443 1875 3500 gasset:
1907 3439 1923 3466 ‘
1947 3437 2136 3486 bellum
2158 3435 2348 3498 igitur,’
2368 3435 2553 3499 inquit,
2584 3435 2601 3462 ‘
2622 3439 2729 3483 tam

528 3504 626 3555 bet
655 3505 857 3570 Florus,
875 3511 1107 3558 nonnulli
1137 3509 1404 3561 dimidium
1433 3527 1595 3576 supra.
1670 3512 1931 3575 integrum
1965 3512 2228 3573 habemus,
2258 3526 2411 3574 quam
2438 3510 2732 3572 habuimus,

533 3587 644 3631 tres
665 3582 862 3633 modios
885 3585 1122 3648 explesse
1156 3588 1339 3637 volunt
1357 3605 1372 3637 z
1424 3589 1595 3639 tenuit
1672 3601 1773 3651 qua
1786 3585 1873 3636 die
1892 3587 2155 3636 Hannibal
2172 3587 2225 3635 in
2239 3587 2448 3636 Italiam
2468 3593 2549 3635 est
2564 3592 2729 3633 trans-

532 3655 691 3722 fnmm
710 3672 822 3723 quae
842 3659 1053 3723 propior
1073 3673 1198 3710 vero
1214 3669 1310 3725 est,
1326 3663 1461 3712 haud
1475 3663 1591 3726 plus
1672 3662 1917 3726 gressus.’
1982 3663 2113 3712 Haee
2135 3662 2332 3712 Livius.

529 3728 689 3781 fuisse
708 3732 898 3782 modio.
1732 3743 1758 3796 τ
1782 3737 1885 3787 An.
1904 3738 1983 3786 M.
2005 3741 2153 3786 3838.
2189 3737 2279 3788 01.
2295 3740 2407 3787 141.
2432 3742 2477 3788 1.
2514 3735 2642 3786 Urb.
2662 3735 2728 3800 G.

595 3807 615 3838 ⁸
633 3807 820 3871 Aliquae
838 3809 1092 3874 sociorum]
1135 3811 1391 3863 Quaesivit
1410 3813 1591 3878 ecquis
1670 3817 1785 3866 53⁷.
1819 3812 1946 3865 Ant.
1959 3814 2052 3864 Ch.
2064 3818 2178 3862 216.

532 3883 708 3934 Latini
761 3885 983 3935 nominis
1031 3889 1252 3951 populus
1301 3887 1590 3941 defecerit?
1734 3897 1757 3922 ¹¹
1778 3889 2017 3940 Herm&
2030 3887 2223 3952 Pontii]
2242 3888 2327 3937 De
2344 3887 2498 3938 clade
2514 3886 2582 3936 ed
2600 3887 2727 3936 Fur-

533 3957 722 4008 deinde
759 3961 938 4025 ecquis
974 3962 1126 4012 homo
1162 3978 1231 4013 ex
1251 3968 1335 4014 3⁵.
1354 3965 1590 4016 tribubus
1671 3980 1759 4018 cas
1780 3965 2161 4029 Caudinasjam
2178 3965 2395 4028 egimus.

536 4033 603 4082 sd
626 4035 975 4088 Hannibalem
997 4037 1224 4104 fugerit?
1242 4056 1371 4092 .cum
1394 4049 1592 4094 utrum·
1735 4043 1765 4073 ¹·
1787 4042 1887 4093 An.
1920 4045 1997 4093 M.
2014 4046 2158 4093 3733.
2192 4042 2279 4092 01.
2294 4046 2409 4093 114.
2424 4045 2475 4093 4.
2506 4038 2639 4092 Urb.
2664 4037 2731 4090 C.

536 4122 640 4173 que
657 4110 846 4162 Hanno
868 4124 1129 4181 negasset,
1147 4118 1374 4183 subjecit
1396 4133 1591 4185 ecquos
1669 4123 1785 4173 4³2.
1814 4118 1944 4171 Ant.
1966 4119 2060 4171 eh.
2080 4121 2195 4170 ⁸20.

533 4183 736 4246 legatos
771 4185 840 4234 ad
877 4188 1226 4244 Hannibalem
1248 4193 1466 4246 Romani
1496 4194 1589 4245 mi-
