3144 4925
534 383 667 452 828
1128 403 1443 452 vunan
1492 403 1783 452 Maxim
1837 403 1979 452 mn.
2025 403 2137 451 ix.

534 545 663 626 gis,
710 545 1070 611 abundanti
1115 548 1292 624 vino,
1322 553 1804 631 unguentorum
1848 547 2228 632 fragrantia,
2257 544 2546 613 Veneris
2584 567 2719 612 usu

534 644 962 723 lasciviore,³⁶
1004 646 1092 711 ad
1120 667 1419 712 somnum
1450 656 1516 713 et
1544 649 1826 714 delicias
1870 650 2203 715 evocavit.
2290 648 2398 713 Ac
2425 657 2564 714 tum
2605 648 2723 712 de-

530 765 715 810 mum
744 748 959 814 fracta
988 756 1058 812 et
1082 754 1367 813 contusa
1410 750 1674 816 Punica
1713 751 1954 815 feritas
1997 758 2126 828 est,
2157 770 2311 815 cum
2345 749 2664 832 Seplasia
2683 755 2726 783 '¹

534 848 599 910 ei
626 853 693 911 et
716 855 767 896 ³⁷
813 849 1082 914 Alban-a
1126 853 1351 914 castra
1392 869 1544 914 esse
1589 850 1988 932 coeperunt?
2075 849 2262 928 Quid
2303 869 2459 931 ergo
2489 849 2593 912 his
2619 849 2723 912 vi-

532 948 645 1012 tiis
682 948 949 1028 foedius,
983 953 1141 1034 quid
1186 952 1387 1016 etiam
1430 950 1838 1029 damnosius,
1869 951 2111 1033 quibus
2139 952 2348 1014 virtus
2395 951 2720 1026 atteritur,

532 1048 829 1114 victoriae
859 1053 1313 1134 languescunt,
1336 1052 1563 1134 sopita
1595 1053 1804 1133 gloria
1828 1053 1900 1115 in
1920 1052 2260 1116 infamiam
2293 1050 2718 1126 convertitur,

532 1152 865 1236 animique
892 1157 1145 1237 pariter
1174 1159 1243 1220 et
1268 1155 1570 1237 corporis
1599 1154 1778 1218 vires
1822 1152 2337 1236 expugnantur?
2425 1149 2618 1213 Adeo
2643 1157 2720 1214 ut

529 1255 813 1333 nesciae,
846 1257 930 1320 ab
962 1257 1371 1334 hostibusne,
1402 1274 1489 1319 an
1520 1257 1608 1319 ab
1635 1255 1770 1319 illis
1801 1255 1958 1337 capi
1993 1253 2440 1338 perniciosius
2467 1252 2718 1316 haben·
2769 1323 2774 1328 ,

540 1352 696 1416 dum
728 1356 844 1420 sit.

616 1454 681 1518 2.
730 1453 905 1532 Quae
956 1459 1161 1521 etiam
1208 1455 1781 1522 Volsiniensium*
1821 1458 2052 1521 urbem
2097 1455 2409 1539 gravibus
2455 1458 2524 1520 et
2569 1473 2719 1518 eru-

528 1554 877 1621 bescendis
906 1558 1207 1624 cladibus
1243 1559 1686 1642 implicarunt.
1775 1557 1934 1622 Erat
1977 1558 2319 1640 opulenta,
2349 1562 2490 1621 erat
2516 1555 2720 1619 mori-

528 1655 657 1719 bus
708 1662 775 1720 et
817 1659 1073 1742 legibus
1115 1660 1452 1740 ornata3³⁸
1499 1659 1844 1724 Hetruriae
1896 1665 2100 1743 caput
2144 1658 2550 1722 habebatur:
2596 1655 2717 1720 sed

527 1761 889 1838 postquam
918 1759 1181 1826 luxuria
1207 1761 1525 1844 prolapsa
1548 1764 1676 1839 est,
1695 1761 1767 1824 in
1796 1760 2198 1844 profundum
2224 1759 2318 1842 inj
2329 1759 2616 1822 uriarum
2645 1763 2719 1820 et

528 1857 968 1938 turpitudinis
1010 1860 1282 1939 decidit,
1314 1867 1391 1926 ut
1437 1880 1776 1927 servorum
1817 1879 1890 1924 se
1934 1861 2474 1925 insolentissimae
2507 1859 2718 1923 domi-

526 1959 831 2023 nationi!
874 1963 1251 2045 subjiceret.
1342 1962 1481 2039 Qui
1509 1963 1794 2045 primum
1816 1970 1868 2013 ³⁹
1913 1961 2267 2026 admodum
2297 1960 2500 2043 pauci
2527 1977 2716 2022 sena-

525 2056 769 2123 torium
800 2063 1093 2126 ordinem
1122 2064 1367 2127 intrare
1408 2064 1583 2142 ausi,
1613 2083 1772 2128 mox
1817 2064 2196 2127 universam
2225 2060 2715 2143 rempublicam

525 2169 1044 2241 occupaverunt.
1129 2163 1557 2226 Testamenta
1603 2163 1689 2226 ad
1741 2165 2081 2228 arbitrium
2131 2182 2323 2226 suum
2366 2160 2570 2224 scribi
2598 2161 2716 2244 ju·

527 2261 807 2325 bebant:
866 2262 1174 2326 convivia
1240 2269 1603 2344 coetusque
1669 2263 2103 2346 ingenuorum
2158 2261 2300 2326 fieri
2357 2261 2711 2325 vetabant:

1441 2424 1796 2444 OOOOOOOOOO‘O

528 2523 651 2573 Vet.
691 2530 745 2571 et
777 2524 919 2585 Lips.
951 2523 1150 2572 Thann.
1191 2524 1473 2584 revocavit,
1505 2537 1621 2572 cum
1657 2524 1710 2573 in
1747 2522 1860 2573 aliis
1883 2530 1961 2573 est
1991 2522 2308 2572 tribuite-36
2340 2520 2356 2548 ‘
2380 2520 2569 2606 Copes.
2591 2533 2711 2571 cum

527 2586 677 2635 Harl.
701 2595 754 2635 et
779 2586 926 2635 Leid.
947 2592 996 2635 5.
1030 2592 1076 2636 et
1106 2587 1303 2637 Veneris
1327 2603 1413 2637 usu
1435 2588 1723 2637 lasciviorem
1737 2605 1759 2646 ,-
1798 2587 1887 2636 sed
1912 2593 2129 2651 praestat
2151 2586 2220 2633 nil
2242 2592 2458 2634 mutare.
2514 2583 2708 2634 Tor-rea.

521 2654 649 2698 -37
686 2649 747 2698 Iu
769 2651 1073 2711 quibusdam
1098 2650 1247 2700 deest
1264 2652 1309 2699 ei
1330 2656 1378 2700 el
1391 2668 1411 2709 ;
1445 2651 1661 2700 Colerus
1691 2650 1921 2701 restituit
1955 2652 2001 2699 ei
2022 2666 2087 2698 ex
2128 2649 2267 2699 Dan.
2293 2647 2556 2712 habetque
2578 2647 2709 2697 illud

522 2728 655 2761 unus
678 2713 871 2763 Brand.
927 2714 1203 2776 Seplasiam
1229 2720 1385 2763 castra
1406 2714 1453 2763 ei
1472 2714 1660 2764 Amana
1679 2729 1779 2764 esse
1802 2721 1908 2764 tres
1932 2715 2081 2763 codd.
2110 2714 2323 2762 'Pon-en.
2391 2712 2515 2759 Mox
2550 2711 2706 2760 nude·

522 2777 621 2825 cim
643 2776 794 2825 codd.
818 2780 1030 2826 Torren.
1051 2791 1166 2826 cum
1195 2779 1317 2827 Vct.
1338 2778 1481 2839 Mog.
1502 2779 1716 2829 Venett.
1742 2778 1957 2827 Mediol.
1979 2786 2036 2827 et
2059 2778 2200 2840 Lips.
2225 2776 2418 2825 Tlnaun.
2441 2776 2712 2836 relangues-

520 2845 651 2889 cunt.
718 2839 803 2889 Cf.
828 2840 959 2889 Caes.
979 2842 1043 2889 B.
1066 2841 1137 2890 G.
1159 2855 1219 2890 ιι.
1244 2846 1323 2890 16.
1343 2842 1669 2902 elanguescunt
1695 2841 2040 2892 Awana—38
2073 2842 2244 2890 ‘Dan.
2271 2848 2491 2901 uterque
2510 2837 2706 2888 Brand.

522 2904 711 2966 Copes.
743 2910 963 2965 uterque
985 2904 1125 2953 Uitr.
1150 2904 1295 2954 Leid.
1321 2904 1444 2966 duo,
1467 2904 1620 2953 Harl.
1646 2906 1805 2955 Barb.
1823 2914 1878 2954 et
1900 2906 2025 2955 Par.
2047 2905 2218 2968 primi,
2241 2904 2385 2966 Meg.
2404 2904 2537 2951 ven.
2562 2901 2708 2951 Med.

520 2966 642 3015 vet.
666 2967 807 3031 Lipe.
826 2970 1023 3017 'l'hanm
1046 2967 1167 3017 Ald.
1188 2975 1244 3017 et
1263 2966 1440 3018 Chalc.
1463 2969 1702 3030 ordinatu,
1731 2970 1767 3020 i.
1787 2984 1836 3018 e.
1874 2970 2176 3029 constituta,
2207 2969 2341 3032 qnod
2367 2968 2704 3029 praetulerim.

519 3042 607 3079 111.
631 3034 679 3078 8.
700 3039 808 3083 ext.
829 3036 876 3081 3.
896 3046 1021 3080 vm.
1044 3035 1093 3081 8.
1123 3030 1190 3081 2.*
1220 3033 1380 3095 Kapp.
1444 3030 1610 3080 Paulo
1639 3039 1760 3081 ante
1784 3047 1878 3095 pro
1898 3033 2216 3095 implicarunt,
2239 3032 2386 3080 multi
2407 3029 2558 3079 codd.
2585 3032 2710 3080 Tor-

520 3106 630 3141 ren.
652 3095 1020 3157 implicaverunt.
1088 3094 1291 3145 Deinde
1313 3096 1501 3157 Copes.
1524 3104 1580 3145 et
1604 3096 1748 3145 Leid.
1771 3100 1820 3143 6.
1837 3096 1888 3144 in
1902 3097 2140 3145 luxuriam
2159 3097 2376 3159 prolapsa
2393 3100 2482 3143 est.
2536 3095 2706 3144 Bitur.

521 3160 569 3204 1.
596 3165 649 3205 et
673 3157 817 3207 Leid.
836 3164 885 3209 5.
918 3160 971 3208 in
988 3160 1273 3222 profundum
1294 3160 1609 3222 miseriarum,
1639 3160 1924 3209 mutatione
1953 3160 2301 3208 solenni.—39
2333 3159 2531 3207 Decem
2553 3157 2707 3208 codd.

520 3219 735 3270 Torren.
759 3236 873 3269 cum
896 3223 988 3272 Mo
1027 3255 1040 3270 .
1062 3231 1118 3273 et
1137 3224 1257 3271 Vct.
1273 3223 1435 3285 primi.
1462 3223 1627 3272 Paulo
1653 3232 1769 3285 post
1792 3222 1940 3272 multi
1961 3224 2100 3285 virgo
2122 3224 2348 3283 ingenua.
2391 3220 2494 3271 Sed
2516 3222 2702 3270 Torre-

518 3282 603 3331 nio
624 3282 828 3345 ingenuo
850 3287 983 3349 signi
1025 3287 1225 3336 cautius
1248 3286 1468 3350 videtur,
1488 3292 1547 3336 ut
1566 3287 1942 3351 subintelligam
1971 3288 2086 3350 ejus
2108 3287 2404 3336 castitatem
2426 3299 2526 3335 non
2549 3283 2708 3335 fnisse

1499 3423 1712 3474 NOTAE

580 3542 613 3567 w
638 3534 874 3598 Seplasia]
908 3534 992 3584 Sic
1014 3534 1205 3597 legitur
1225 3534 1278 3584 in
1302 3535 1565 3585 Ciceronis
1650 3536 1710 3586 C.
1734 3539 1850 3585 588.
1906 3533 2032 3584 Ant.
2049 3534 2141 3585 Ch.
2164 3538 2279 3583 214.

514 3610 748 3661 oratione
780 3618 963 3659 contra
984 3610 1245 3673 Pisonem,
1277 3625 1381 3659 non
1404 3610 1563 3674 Selap-
1711 3619 1735 3644 ³¹
1765 3609 2145 3672 Volsiniensium]
2175 3610 2300 3658 Tres
2322 3607 2445 3657 olim
2467 3608 2626 3660 urbes
2647 3610 2700 3659 in

512 3687 601 3736 sia.
670 3687 800 3735 Erat
834 3691 1005 3735 autem
1027 3685 1220 3747 Capuae
1251 3685 1444 3747 platea,
1476 3686 1564 3735 ubi
1649 3690 1900 3739 Hetruria
1915 3687 2394 3749 nobiles‚Aretium,
2410 3688 2702 3753 Perusiam,

514 3761 855 3824 unguentarii,
892 3772 1174 3824 caupones,
1202 3766 1259 3809 et
1290 3760 1378 3809 alii
1408 3761 1561 3823 hujus
1645 3776 1700 3815 et
1725 3765 2009 3814 Volsinum.
2075 3761 2248 3812 Hodie
2269 3763 2491 3813 Boloena.

510 3838 717 3899 generis
770 3836 1021 3887 homines.
1106 3836 1299 3900 Capuae
1343 3835 1561 3898 deliciis,
1707 3848 1731 3883 5
1755 3841 2005 3889 Servorum
2025 3853 2074 3888 ae
2094 3838 2469 3887 insolentissime
2488 3838 2698 3887 donuina-

516 3920 621 3960 tum
647 3911 975 3973 Hannibalis,
1009 3918 1117 3961 tum
1146 3912 1403 3962 exercitus
1427 3911 1560 3961 illius
1642 3915 1784 3979 lieni]
1826 3914 2158 3964 Volsinenses
2199 3912 2420 3962 Senatus
2475 3912 2695 3967 Romani

510 3986 665 4036 ardor
700 3987 774 4037 ita
796 3986 1043 4050 elanguit,
1075 3992 1133 4035 ut
1170 4001 1270 4037 non
1304 3986 1559 4037 immerito
1641 4003 1791 4053 opem
1837 3989 2202 4052 implorat-unu
2234 3986 2422 4035 missus
2455 4000 2570 4035 cum
2608 4000 2694 4036 co-

511 4061 706 4111 dictum
762 4062 852 4122 ait,
915 4065 931 4090 ⁴
976 4064 1204 4126 Capuam
1259 4062 1560 4113 Hannibalis
1641 4063 1740 4128 piis
1764 4062 1973 4125 Fabius,
2006 4060 2091 4125 qui
2130 4074 2310 4124 poenas
2333 4075 2364 4109 a
2387 4062 2550 4109 servis
2572 4074 2696 4110 exe·

513 4135 719 4184 Cannas
739 4134 940 4185 fuisse?
1640 4138 1737 4201 git,
1791 4137 2075 4200 urbemque
2127 4135 2378 4185 servitute
2432 4135 2698 4189 liberavit.

577 4207 607 4241 ¹¹
641 4207 743 4260 An.
763 4208 840 4259 Μ.
864 4213 1011 4263 3839.
1066 4210 1154 4260 01.
1188 4215 1299 4263 141.
1320 4216 1370 4265 2.
1422 4211 1554 4264 Urb.
1637 4213 1724 4265 Ita
1747 4213 1927 4263 Florus
1947 4211 2038 4263 lib.
2052 4224 2090 4263 1.
2111 4224 2230 4275 cap.
2247 4212 2330 4261 21.
