3144 4925
563 383 695 450 826
1160 396 1477 446 vAnssmr
1526 392 1820 444 MAXIM!
1874 394 2018 444 mn.
2063 391 2173 443 ix.

562 547 757 606 tants
846 539 1055 604 Patet
1082 540 1302 622 igitur,
1330 559 1531 623 quam
1556 538 1760 604 celeri
1784 538 2070 602 transitu
2097 537 2366 602 luxuria
2393 533 2756 604 affluxerit.

565 642 749 707 Nam
793 641 901 724 cuj
910 661 989 705 us
1034 641 1485 706 adolescentia
1533 641 1794 723 priscos
1823 658 2036 705 mores
2074 639 2268 716 vidit,
2299 645 2610 704 senectus
2635 658 2756 703 no·

565 763 689 809 vos
718 762 875 808 orsa
900 750 1022 808 est.
1598 806 1606 816 ,

646 843 711 906 6.
754 841 1145 907 Consimilis
1200 843 1485 906 mutatio
1538 840 1606 905 in
1657 841 1856 906 domo
1905 840 2266 928 Curionum
2307 841 2556 906 extitit.
2643 842 2754 906 Si-

563 943 831 1027 quidem
858 943 1072 1008 forum
1099 948 1391 1007 nostrum
1412 949 1482 1006 et
1499 943 1711 1026 patris
1741 944 2203 1024 gravissimum
2221 950 2250 978 ¹¹
2295 943 2750 1025 supercilium,

562 1052 633 1109 et
673 1045 797 1109 filii
834 1045 1213 1108 sexcenties
1266 1044 1648 1108 sestertium
1696 1044 1852 1108 aeris
1883 1045 2079 1108 alieni
2127 1043 2424 1126 aspexit,
2451 1048 2754 1108 contrac-

561 1151 705 1209 tum
732 1147 997 1210 famosa
1018 1145 1258 1229 injuria
1278 1145 1604 1209 nobilium
1623 1145 1967 1228 juvenum.
2054 1145 2300 1227 Itaque
2327 1143 2566 1208 eodem
2587 1151 2751 1208 tem-

560 1264 748 1328 pore,
797 1252 865 1312 et
908 1249 976 1311 in
1019 1247 1261 1312 iisdem
1310 1248 1666 1329 penatibus
1710 1247 1988 1312 diversa
2041 1245 2294 1312 saecula
2339 1245 2752 1322 habitarunt,

556 1347 1073 1430 frugalissimum
1104 1348 1413 1426 alterum,
1442 1348 1723 1413 alterum
1751 1348 2288 1432 nequissimum.‡

642 1450 707 1513 7.
752 1450 833 1515 Ρ.
856 1457 1076 1515 autem
1108 1451 1377 1516 Clodiiv
1409 1450 2026 1533 judiciumquanta
2063 1449 2334 1514 luxuria
2375 1454 2444 1511 et
2469 1446 2752 1511 libidine

562 1550 973 1616 abundavit?
1018 1553 1089 1615 in
1134 1570 1270 1634 quo
1324 1558 1400 1614 ut
1444 1551 1784 1616 evidenter
1832 1552 2070 1616 incesti
2117 1551 2388 1616 crimine
2404 1555 2462 1596 ²4
2498 1567 2750 1613 nocens

558 1669 713 1716 reus
765 1651 1238 1728 absolveretur,
1290 1656 1527 1716 noctes
1582 1659 2056 1730 matronarum,
2101 1659 2174 1717 et
2223 1649 2749 1716 adolescentium

558 1752 910 1829 nobilium,
958 1772 1203 1836 magna
1248 1771 1509 1817 summa
1552 1759 1775 1831 emtae,
1823 1753 2150 1818 mercedis
2196 1753 2355 1816 loco
2395 1749 2750 1834 judicibus

557 1859 851 1935 erogatae
880 1860 1057 1919 sunt.
1146 1853 1393 1932 Quoia
1421 1853 1678 1935 flagitio
1708 1860 1846 1918 tam
1873 1861 2076 1932 tetro,
2107 1861 2382 1936 tamque
2421 1851 2751 1933 multipli-

558 1953 646 2030 ci,
672 1955 945 2018 nescias
974 1956 1259 2039 primum
1286 1974 1481 2038 quem
1526 1955 1858 2020 detestere
1878 1963 1952 2038 3²⁵
2013 1976 2101 2020 an
2125 1953 2181 1994 ²⁶
2224 1956 2341 2038 qui
2384 1952 2566 2017 istud
2602 1971 2752 2017 cor·

556 2053 840 2135 ruptelae
869 2073 1077 2136 genus
1106 2056 1540 2136 excogitavit,
1566 2075 1653 2135 an
1683 2056 1798 2139 qui
1823 2076 2014 2120 suam
2044 2056 2444 2139 pudicitiam
2475 2071 2749 2136 seques-

555 2157 719 2216 trem
748 2155 1021 2236 perJurii
1048 2155 1189 2219 fieri
1219 2156 1407 2239 passi
1438 2163 1614 2234 sunt,
1639 2176 1728 2220 au
1756 2159 1874 2241 qui
1916 2159 2302 2242 religionem
2333 2162 2568 2238 stupro
2598 2175 2754 2238 per·

556 2257 907 2317 mutarunt.
2578 2309 2588 2328 ,

580 2385 589 2394 ·
642 2351 707 2416 8.
755 2354 975 2436 AEque
1026 2354 1434 2436 flagitiosum
1488 2357 1657 2422 illud
1709 2359 2112 2438 convivium,
2166 2356 2348 2442 quod
2396 2355 2748 2420 Gemellus

556 2453 955 2519 tribunicius
986 2454 1230 2534 viator,
1260 2455 1527 2539 ingenui
1578 2459 1949 2543 sanguinis„
1989 2460 2108 2525 sed
2157 2458 2360 2523 officii
2404 2460 2572 2521 intra
2613 2476 2750 2521 ser-

555 2556 754 2620 vilem
807 2556 1106 2621 habitum
1164 2558 1501 2639 deformiS,
1560 2560 1842 2626 Metello
1900 2562 2206 2645 Scipioni
2227 2568 2281 2610 ²⁷
2344 2559 2603 2624 consuli
2662 2578 2746 2624 ac

1468 2740 1828 2760 “monn“

550 2846 837 2895 minim—25
874 2845 1032 2895 Multi
1064 2845 1216 2897 codd.
1258 2846 1475 2897 Torren.
1511 2855 1566 2900 et
1620 2850 1765 2914 Mog.
1809 2865 1943 2913 quem
1975 2850 2179 2913 primm
2227 2849 2607 2896 ‹letalem-26
2639 2846 2748 2894 Pro

552 2912 726 2971 priore
747 2925 827 2970 aa,
862 2910 996 2973 quod
1022 2910 1188 2959 Aldus
1214 2917 1270 2959 et
1306 2910 1548 2961 Chalcoc.
1581 2913 1799 2976 habent,
1837 2927 1966 2962 unus
1989 2912 2151 2963 codex
2181 2910 2372 2961 Brand.
2394 2916 2571 2970 utram,
2593 2910 2746 2971 alter,

556 2983 610 3023 et
636 2981 783 3022 vetus
808 2973 969 3023 editio
992 2973 1213 3036 Herbip.
1250 2982 1485 3024 neutrum
1509 2977 1850 3027 habena—2⁷
1886 2977 1973 3027 Ita
1993 2977 2206 3039 Pighius
2230 2991 2296 3024 ex
2318 2976 2450 3039 conj.
2492 2975 2750 3037 reposuit:

550 3036 643 3085 sed
686 3038 839 3086 codd.
875 3037 1067 3087 habeut
1099 3038 1295 3087 Metello
1316 3044 1365 3087 et
1383 3039 1614 3103 Scipioni,
1638 3042 1721 3092 vel
1744 3042 1998 3105 sapwic,-
2031 3041 2157 3089 item
2193 3039 2445 3100 nonnulli,
2479 3039 2676 3087 Metello
2703 3042 2752 3085 et

550 3099 768 3163 Scipione
794 3103 923 3149 Coss.
945 3100 1153 3151 tribunis
1172 3102 1324 3165 plebis
1340 3118 1361 3160 ,·
1395 3118 1525 3153 unus
1560 3106 1680 3155 cod.
1708 3106 1930 3157 Tor-ren.
1970 3120 2002 3154 α
2038 3104 2242 3153 tribunis
2272 3103 2440 3167 plebis.
2505 3102 2756 3171 Perizou.

1542 3260 1592 3309 N
1600 3260 1758 3311 01*AE

613 3377 636 3422 ὴ
672 3368 778 3417 An.
800 3369 877 3417 M.
900 3373 1046 3421 3980.
1076 3370 1163 3422 01.
1186 3376 1296 3423 176.
1318 3376 1367 3421 3.
1384 3372 1514 3423 Urb.
1542 3374 1605 3424 C.
1685 3374 1753 3424 ob
1777 3389 1848 3424 aes
1881 3374 2104 3423 alienum
2128 3376 2452 3423 contractum
2471 3369 2607 3420 illius
2629 3385 2743 3435 par-

549 3451 665 3497 6⁷9.
685 3446 816 3496 Ant.
837 3448 932 3497 Ch.
956 3451 1037 3497 73.
1687 3456 1768 3499 tes
1801 3456 2027 3510 secutus,
2048 3448 2301 3497 Catonem
2316 3445 2518 3509 expulit
2531 3444 2742 3494 Sicilia:

612 3531 636 3557 ⁸
669 3524 839 3572 Patris
854 3524 1212 3587 gravissimum]
1244 3525 1396 3575 Patri
1420 3533 1473 3574 et
1494 3524 1604 3575 filio
1684 3523 1903 3575 Accium
1921 3525 2116 3573 Varum
2140 3522 2192 3571 in
2229 3519 2412 3570 Africa
2434 3520 2563 3569 vicit
2585 3535 2601 3580 ;
2635 3527 2742 3569 tum

547 3600 607 3649 C.
629 3599 930 3649 Scribonius
959 3599 1115 3649 Curio
1137 3614 1321 3649 nomen
1343 3598 1466 3661 fuit3
1510 3616 1603 3664 pa·
1683 3601 1798 3665 ipse
1821 3617 1853 3651 a
1883 3601 2035 3653 Jubae
2067 3598 2334 3649 Praefecto
2366 3612 2484 3645 cum
2521 3604 2744 3662 quatuor

546 3681 629 3726 ter
666 3675 859 3724 Consul
907 3688 1040 3723 anuo
1088 3678 1204 3724 679.
1237 3675 1602 3726 Macedoniam
1682 3676 1970 3739 legionibus
1999 3690 2168 3725 caesus
2189 3678 2288 3722 est.
2344 3673 2543 3720 Extant
2563 3670 2740 3719 multae

543 3748 775 3811 sortitus,
825 3747 892 3797 de
932 3747 1187 3798 Bai-danis
1228 3749 1599 3812 triumphavit:
1681 3752 1932 3817 adipsum
1955 3750 2223 3803 Ciceronis
2247 3748 2498 3813 epistolae.
2543 3784 2552 3793 .

546 3823 740 3873 Orator
780 3830 861 3873 sat
897 3823 1196 3887 probabilis,
1214 3824 1310 3874 sed
1354 3826 1601 3875 memoria
1745 3833 1769 3887 ζ
1803 3827 1906 3877 Au.
1928 3828 2006 3877 M.
2029 3830 2180 3877 4005.
2236 3824 2323 3874 Ol.
2353 3827 2466 3873 192.
2505 3826 2558 3875 4.
2612 3821 2738 3871 Urb.

550 3904 654 3947 tam
686 3899 893 3961 debilis,
915 3906 971 3948 ut
1005 3898 1172 3949 tribus
1197 3900 1498 3963 propositis,
1518 3902 1600 3950 vel
1684 3902 1743 3953 C.
1764 3907 1879 3952 704.
1932 3900 2060 3952 Ant.
2081 3902 2176 3952 Ch.
2201 3904 2284 3950 48.

546 3981 787 4037 quartum
828 3973 1067 4037 adderet,
1105 3974 1185 4023 vel
1224 3976 1434 4025 tertium
1457 3990 1600 4040 quae·
1746 3985 1769 4011 v
1801 3979 1864 4027 P.
1885 3983 2045 4029 autem
2069 3976 2248 4038 Clodii]
2281 3976 2346 4025 P.
2363 3973 2594 4034 Clodius,
2621 3972 2737 4023 Me-

547 4056 706 4098 reret.
772 4049 933 4097 Filius
956 4049 1311 4099 admirabilem
1334 4050 1400 4099 ad
1422 4051 1600 4101 dicen·
1681 4054 1836 4103 tellus
1855 4054 2051 4117 Scipio,
2067 4052 2310 4114 Catilina,
2326 4050 2477 4101 exiis
2494 4064 2608 4114 quoe
2625 4046 2740 4111 jam

546 4121 665 4170 dum
688 4130 925 4172 naturam
946 4123 1157 4176 babuit:
1193 4126 1453 4177 Tribunus
1490 4128 1601 4191 ple·
1681 4129 1921 4193 diximus,
1949 4127 2222 4180 notissimi.

545 4195 624 4245 bis
653 4196 873 4259 primum
909 4199 1107 4249 Caesari
1144 4200 1382 4267 infestus,
1413 4202 1602 4255 deinde
