3144 4925
505 383 639 450 894
1092 393 1405 444 vunnu
1457 389 1751 440 Maxim
1796 389 1941 438 ma.
1987 387 2096 436 rx.

506 543 791 629 piissimi
846 543 1015 606 civis
1070 543 1139 608 in
1188 539 1491 624 personis
1532 536 1977 603 mediocribus
2021 535 2396 598 annotante.
2486 529 2690 609 Quod

506 645 772 729 quidem
820 641 1159 707 fortuitum
1207 640 1561 705 ludibrium
1615 637 1811 721 quasi
1860 633 2357 701 haereditarium
2407 632 2496 695 ad
2540 651 2692 695 eum

507 741 929 828 penetravit?
1365 737 1371 743 ’

592 845 656 909 2.
701 842 880 908 Nam
919 847 1107 924 pater
1155 859 1422 925 quoque
1451 837 1598 920 ejus
1615 834 1641 874 '²
1703 855 1786 900 eo
1833 853 2042 917 usque
2084 831 2499 914 MenogeniS,
2541 830 2697 895 coci

459 967 465 974 ·
508 947 634 1024 sui,
663 943 905 1008 similis
932 962 1081 1007 esse
1109 943 1295 1006 visus
1346 948 1469 1016 est,
1516 946 1596 1002 ut
1618 935 1740 1014 vi'r,
1793 942 1862 1000 et
1903 934 2094 999 ferox
2140 933 2366 997 animo
2413 936 2482 994 et
2520 950 2695 1014 prae-

505 1051 746 1129 potens
806 1043 1007 1108 armis
1063 1041 1406 1107 sordidum
1470 1039 1616 1122 ejus
1671 1047 1912 1099 nomen
1973 1036 2282 1118 repellere
2334 1053 2378 1096 a
2435 1051 2506 1095 se
2565 1050 2694 1094 non

507 1145 835 1210 valuerim

590 1245 655 1310 3.
700 1242 989 1308 Eximiae
1020 1259 1177 1304 vero
1207 1236 1582 1301 nobilitatis
1605 1235 2000 1300 adolescens
2031 1233 2381 1300 Cornelius
2413 1232 2699 1315 Scipio,⁰

508 1363 658 1410 cum
698 1341 1019 1426 plurimis
1080 1345 1145 1404 et
1204 1337 1594 1403 clarissimis
1650 1335 1924 1400 familiae
1983 1354 2124 1399 suae
2185 1333 2697 1420 cognominibus

508 1444 898 1521 abundaret,
929 1443 999 1506 in
1027 1439 1331 1505 servilem
1361 1433 1750 1519 Serapionis
1795 1436 2318 1519 appellationem
2347 1434 2532 1514 vulgi
2561 1451 2702 1499 ser-

506 1563 697 1608 mone
754 1544 1088 1625 impactus
1146 1539 1293 1617 est?
1353 1537 1542 1621 quod
1597 1535 1874 1619 hujusce
1896 1543 1928 1582 4
1995 1535 2277 1600 nominis
2321 1533 2698 1599 victimario

505 1663 705 1726 quam
738 1642 980 1706 similis
1026 1647 1194 1704 erat.
1285 1638 1429 1703 Nec
1472 1637 1572 1701 illi
1618 1644 1734 1703 aut
1777 1656 2030 1700 morum
2078 1637 2410 1718 probitaS,
2449 1642 2564 1698 aut
2589 1652 2693 1696 re-·

507 1749 780 1826 spectus
811 1747 913 1807 tot
957 1741 1339 1822 imaginum,
1368 1757 1502 1822 quo
1532 1738 1754 1802 minus
1780 1740 1906 1802 hac
1949 1737 2356 1802 contumelia
2385 1752 2695 1818 asperge-

506 1849 702 1919 retur,
732 1841 1059 1924 opitulata
1078 1845 1277 1904 sunus
1296 1842 1321 1894 ss
1628 1847 1634 1854 ‘

588 1945 654 2006 4.
715 1941 1321 2006 Generosissimum
1377 1939 1776 2004 consulatus
1828 1937 2185 2019 collegium
2204 1937 2233 1977 ⁶
2299 1935 2565 2001 Lentuli
2625 1939 2703 1999 et

505 2041 766 2106 Metelli
786 2038 815 2077 ἃ
856 2040 1012 2105 fuit:
1056 2042 1177 2123 qui
1200 2041 1401 2104 ambo
1421 2041 1491 2103 in
1508 2058 1714 2105 scena
1739 2053 2012 2122 propter
2035 2038 2537 2102 similitudinem·
2557 2034 2696 2097 his-

505 2141 795 2204 trionum
822 2138 1309 2221 propemodum
1330 2140 1622 2220 spectati
1665 2145 1834 2202 sunt.
1921 2138 2056 2202 Sed
2087 2139 2261 2202 alter
2286 2157 2374 2200 ex
2404 2134 2696 2219 quodam

505 2238 942 2304 secundarum
958 2245 983 2284 ⁷
1028 2256 1399 2318 cognomen
1442 2238 1814 2319 Spintheris
1844 2238 2090 2302 traxit:
2157 2239 2337 2315 alter,
2385 2235 2514 2300 nisi
2548 2233 2617 2298 N
2617 2251 2692 2296 e-..

570 2393 592 2426 δ
616 2393 786 2457 Populi
805 2407 1013 2443 sermone
1032 2393 1116 2442 ille
1136 2391 1261 2443 mvl
1281 2391 1552 2456 Serapionis
1575 2407 1739 2442 nomen
1755 2393 1934 2442 habuit.

506 2632 677 2684 Bitur.
697 2638 747 2682 1.
784 2632 819 2681 1⁸
852 2633 972 2682 ‘acce
991 2633 1193 2682 hominis
1208 2632 1469 2682 victimat-ii
1481 2652 1501 2693 ,-
1536 2635 1726 2697 Ultraj.
1748 2638 1795 2681 1.
1821 2632 1999 2692 etiam,
2017 2632 2298 2683 victimarii-
2360 2633 2488 2681 Mox
2503 2631 2694 2697 aliquot

507 2694 658 2746 codd.
690 2710 807 2746 cum
878 2697 984 2745 ldd.
1020 2698 1185 2746 Colin.
1206 2697 1403 2760 Gryph.
1427 2703 1482 2745 et
1500 2698 1684 2759 Steph.
1709 2698 1953 2746 omittant
1973 2712 2109 2759 quam
2124 2713 2144 2754 ,·
2166 2696 2386 2746 Ascens.
2411 2698 2566 2747 habet
2587 2711 2692 2759 per·

504 2760 676 2808 similis
692 2766 795 2808 erat
813 2775 831 2807 .·
852 2760 998 2809 Leid.
1016 2766 1066 2809 5.
1086 2767 1142 2809 et
1160 2760 1320 2809 Barb.
1341 2764 1390 2809 1.
1411 2761 1679 2809 victimario
1691 2760 1948 2809 consimilis
1961 2766 2176 2809 erat—5
2194 2763 2208 2788 ‘
2222 2761 2332 2808 Pro
2353 2761 2582 2823 opitulata
2601 2763 2694 2821 eat,

507 2824 739 2872 nonnulli
757 2823 987 2885 opitulata
1006 2829 1133 2872 suat.
1166 2823 1465 2872 Perizonius
1488 2826 1724 2886 rogabat,
1747 2837 1811 2871 an
1832 2822 1890 2871 τὸ
1909 2829 1981 2871 est
2003 2823 2278 2872 delendam
2301 2833 2475 2883 esset;
2507 2836 2694 2884 nempe

508 2888 630 2949 quia
650 2886 881 2949 opitulata
917 2892 989 2935 est
1027 2886 1347 2935 incommode
1372 2886 1598 2935 refertur
1621 2888 1686 2934 ad
1712 2887 1850 2949 prius
1881 2902 2058 2934 moram
2075 2888 2320 2948 probitas.-
2347 2888 2497 2935 malni
2521 2888 2694 2949 itaque

506 2950 645 2999 sunt!
675 2950 990 2999 Turrem—6
1023 2950 1109 2998 Ita
1128 2950 1337 3012 Pighius
1360 2964 1427 2997 ex
1442 2949 1574 2999 Mss.
1597 2964 1694 2999 nec
1713 2949 1866 2998 aliter
1882 2964 2010 2997 nnus
2022 2950 2216 2999 Brand.
2237 2957 2294 2999 et
2309 2950 2446 2999 Ultr.
2463 2956 2695 3013 uterque.

508 3012 646 3062 Alii:
678 3014 1075 3063 Generosissimus
1092 3014 1356 3062 consulatus
1376 3014 1600 3073 collegim·
1676 3012 1776 3061 uod
1811 3014 1970 3077 magis
2003 3013 2176 3074 placet
2197 3014 2597 3076 Gronovio„qui
2620 3020 2696 3061 ta-

507 3090 625 3124 men
648 3090 714 3124 ex
748 3083 878 3125 vett.
901 3076 1053 3125 editt.
1076 3091 1137 3124 ac
1169 3076 1299 3125 Mss.
1322 3076 1615 3125 melioribus
1666 3076 1918 3137 egendum
1943 3084 2094 3138 putat
2119 3076 2515 3125 Generosi-seimus
2533 3090 2694 3125 oom-

506 3140 651 3198 latas‚
670 3138 937 3199 collegium,
959 3146 1115 3203 atque
1136 3139 1209 3188 ita
1234 3141 1373 3189 clare
1394 3140 1517 3189 Vet.
1541 3140 1670 3187 Mox
1696 3140 1936 3188 Bai-thius
1959 3140 2104 3201 legit,
2123 3142 2176 3188 in
2194 3154 2331 3189 scena
2346 3155 2488 3201 prope
2507 3140 2696 3189 histrio·

507 3214 620 3249 nam
638 3202 770 3249 modo
783 3204 984 3262 spectati
999 3207 1127 3263 sunt,
1148 3203 1183 3252 i.
1207 3217 1253 3251 e.
1276 3216 1423 3266 aeque
1439 3217 1499 3251 ac
1520 3203 1910 3253 histrionem—⁷
1933 3203 2065 3251 Edd.
2087 3211 2208 3252 ante
2227 3204 2378 3266 Pigh.
2391 3205 2695 3257 asseclarum,-

510 3263 725 3324 Pigbius
746 3278 865 3312 mox
889 3265 1033 3313 delet
1065 3266 1241 3327 traxit,
1277 3273 1331 3315 et
1355 3281 1450 3329 pro
1470 3266 1680 3327 retiarii,
1712 3273 1768 3315 ut
1804 3267 1856 3313 in
1889 3265 2008 3315 edd.
2032 3274 2161 3315 vett.
2185 3272 2238 3316 et
2259 3267 2519 3330 plerisque
2541 3265 2692 3315 codd.

507 3327 742 3391 reposuit
785 3334 1035 3392 nostrum,
1073 3331 1342 3379 tertiarum.
1406 3330 1512 3379 Pro
1550 3346 1585 3379 a
1625 3330 1846 3389 moribus,
1888 3328 2125 3381 Perizon.
2169 3330 2308 3393 conj.
2351 3346 2384 3379 a
2425 3330 2693 3391 maioribus.

1499 3456 1711 3506 NOTAE

574 3548 607 3581 ¹*
628 3546 732 3598 An.
753 3548 831 3597 M.
854 3551 1001 3599 3996.
1037 3548 1125 3599 01.
1146 3552 1259 3599 180.
1275 3553 1327 3599 3.
1359 3548 1489 3599 Urb.
1504 3550 1561 3599 C.
1645 3552 1876 3601 Curiatio
1897 3551 2132 3600 Tribuno
2155 3550 2318 3613 plebis
2347 3550 2566 3599 inditum
2599 3557 2698 3612 est,

508 3626 624 3673 695.
660 3621 783 3672 Ant.
806 3624 899 3672 Ch.
923 3628 1003 3672 57.
1642 3626 1722 3674 uti
1743 3625 1983 3675 diximus.

574 3696 599 3729 b
623 3698 771 3745 Pater
784 3713 960 3761 qaoque
974 3696 1093 3761 qius]
1125 3697 1402 3760 Pompeius
1422 3697 1563 3747 Stra·
1708 3704 1732 3757 ss
1755 3698 1854 3747 An.
1880 3699 1957 3747 Μ.
1979 3704 2124 3749 3916.
2157 3699 2243 3749 01.
2267 3703 2382 3749 160.
2404 3702 2452 3749 8.
2484 3699 2612 3749 Urb.
2631 3699 2694 3749 C.

510 3772 577 3821 bo
605 3788 620 3819 ε
676 3772 813 3821 unde
863 3787 1057 3837 coquus
1106 3773 1193 3823 ille
1246 3773 1561 3837 Monogenes
1640 3776 1757 3821 615.
1791 3773 1916 3822 Ant.
1939 3773 2032 3823 eh.
2057 3778 2171 3824 137.

511 3844 697 3895 Strabo
722 3847 871 3908 vulgo
894 3847 1183 3897 dicebatur.
1705 3844 1732 3879 ⁴¹
1760 3846 1955 3896 Lentuli
1989 3852 2039 3895 et
2075 3846 2305 3913 Metelli]
2337 3847 2402 3897 P.
2443 3846 2692 3896 Lentulus

576 3926 599 3973 t
624 3918 725 3968 An.
748 3920 827 3968 Μ.
850 3924 995 3971 3965.
1028 3921 1117 3971 ot.
1141 3925 1253 3971 1¹12.
1272 3925 1322 3971 4.
1356 3920 1484 3972 Urb.
1502 3921 1562 3972 C.
1641 3920 1906 3983 Spinther,
1930 3928 1984 3972 et
2005 3924 2072 3974 Q.
2091 3922 2336 3971 Metellus
2361 3924 2555 3985 Nepos,
2582 3921 2694 3985 qni·

510 3995 625 4041 664.
662 3993 785 4042 Ant.
808 3996 902 4043 Cb.
928 4000 1008 4047 88.
1641 3995 1738 4045 bus
1760 3996 2065 4045 Consulibus
2086 3996 2268 4045 Cicero
2289 3996 2556 4045 restitutus
2577 4001 2657 4045 est
2675 4011 2692 4045 ε

576 4073 599 4099 ⁰
636 4068 881 4129 Cornelius
895 4070 1075 4135 Scipio]
1110 4071 1321 4133 Nasica,
1354 4072 1438 4121 cui
1473 4071 1562 4121 Se·
1642 4070 1727 4118 ille
1748 4070 2000 4132 Ciliciam,
2035 4070 2117 4120 bic
2154 4070 2458 4133 Hispaniam
2489 4070 2696 4121 citerio-

514 4140 737 4205 rapionis
772 4158 976 4208 nomen,
1008 4161 1107 4196 non
1143 4161 1174 4194 a
1210 4145 1381 4208 plebe,
1417 4146 1509 4197 sed
1531 4160 1563 4195 a
1613 4158 1750 4195 -rem
1771 4160 1802 4195 a
1821 4146 2104 4197 Consulatu
2125 4145 2369 4196 obtinuit.
