3144 4925
953 349 1112 397 cu.
1149 347 1280 396 vu.
1330 351 1424 396 ns
1474 349 2028 398 mouncnwrm.
2460 337 2591 402 571

393 494 525 558 cile
555 500 628 558 et
668 493 1108 576 periculosum
1152 491 1647 558 conficiendum
1692 501 2005 576 gravatus
2041 509 2171 558 non
2202 501 2348 574 est:
2392 515 2589 580 paene

388 597 548 678 ipso
573 615 698 678 per
727 615 800 660 se
829 597 1166 660 duntaxat
1193 595 1417 658 animo
1448 595 1593 658 sine
1628 614 1908 680 corpore
1934 595 1959 632 ¹²
2000 595 2439 662 militaturus:
2484 609 2590 662 ut-

388 705 554 779 pote
585 705 858 781 propter
887 697 1189 761 ultimam
1222 704 1646 762 senectutem
1674 697 1901 761 lectuli
1945 698 2109 774 otio,
2144 716 2347 780 quam
2376 699 2589 762 labori

390 801 778 880 praeliorum
829 797 1172 864 habilior?
1260 799 1454 863 Idem
1502 799 1974 882 triumphantis
2034 817 2318 876 currum,
2367 819 2541 882 equo
2564 807 2589 847 ⁵

387 898 708 977 insiden5‚
739 901 956 984 sequi,
985 920 1183 984 quem
1212 901 1359 984 ipse
1403 901 1755 983 parvulum
1803 900 2161 983 triumphis
2196 899 2339 964 suis
2370 907 2590 982 gesta-

389 1007 602 1080 verat,
633 1003 703 1066 in
723 1004 1028 1067 maxima
1045 1003 1396 1085 voluptate
1424 1003 1694 1084 posuit:
1739 1020 1859 1067 nec
1890 1001 2191 1067 accessio
2210 999 2239 1041 ⁶
2280 1002 2591 1084 gloriosse

391 1103 570 1167 illius
599 1123 896 1186 pompae,
925 1103 1045 1166 sed
1073 1110 1311 1167 auctor
1339 1107 1683 1186 spectatus
1710 1107 1837 1166 est.

411 1231 418 1238 ·
477 1203 547 1267 2.
596 1202 755 1266 Non
799 1209 935 1267 tam
994 1203 1305 1286 speciosa
1355 1201 1687 1281 Caesetii‚⁶
1742 1203 2032 1288 equitis⁷
2076 1201 2392 1283 Romani,
2442 1225 2591 1272 sors

392 1305 630 1387 patria,
667 1304 792 1370 sed
836 1324 964 1391 par
1009 1305 1436 1386 indulgentia.
1527 1304 1665 1383 Qui
1710 1323 1753 1368 a
1792 1303 2070 1370 Caesare
2122 1306 2419 1370 omnium
2441 1306 2589 1391 jam

395 1413 469 1469 et
495 1411 918 1472 externorum
935 1404 984 1454 ⁸-
1007 1410 1076 1472 ct
1105 1405 1625 1471 domesticorum
1655 1404 1949 1471 hostium
1977 1407 2253 1485 victore,
2284 1425 2435 1473 cum
2472 1410 2591 1476 ab·

395 1507 622 1572 dicare
647 1505 864 1572 filium
911 1525 1105 1570 suum
1137 1505 1506 1592 juberetur,
1538 1506 1723 1589 quod
1754 1507 1817 1570 is
1854 1505 2155 1572 tribunus
2194 1509 2409 1591 plebis
2436 1529 2590 1574 cum

393 1607 690 1672 Marullo
706 1615 734 1660 ⁹
775 1608 1060 1692 collega,
1103 1608 1423 1674 invidiam
1468 1608 1534 1672 ei
1570 1613 1889 1690 tanquam
1932 1628 2205 1690 regnum
2250 1609 2589 1678 affectanti

392 1709 667 1788 fecerat,
693 1709 764 1773 in
802 1710 976 1775 hunc
1001 1710 1270 1775 modum
1298 1711 1700 1794 respondere
1743 1710 2093 1776 sustinuit:
2142 1713 2163 1742 ‘
2190 1707 2488 1776 Celerius
2517 1715 2590 1775 tu

389 1811 578 1890 mihi,
609 1809 860 1890 Gaesar,
887 1830 1116 1880 omnes
1160 1809 1336 1878 filios
1358 1819 1412 1850 ¹0
1454 1831 1639 1878 meos
1681 1813 1945 1898 eripies,
1974 1829 2177 1895 quam
2206 1829 2296 1875 ex
2322 1811 2427 1876 his
2456 1831 2585 1896 ego

393 2073 585 2125 Leidd.
610 2079 657 2124 1.
680 2077 730 2124 7.
749 2089 837 2138 per
851 2089 902 2124 se
921 2074 1022 2138 ipse
1039 2075 1228 2138 copes.
1245 2074 1344 2138 ipse
1355 2090 1506 2139 prese
1527 2075 1772 2140 Mog.—5
1807 2075 2041 2138 Uterque
2078 2074 2269 2138 ultraj-
2284 2073 2463 2126 Pon-51.
2480 2074 2591 2126 Bit.

392 2153 498 2188 sec.
516 2139 678 2189 Bari).
699 2140 847 2202 prim.
867 2138 1012 2188 Med.
1040 2139 1192 2203 prim.
1215 2139 1360 2190 Leid.
1384 2155 1490 2191 sec.
1512 2141 1642 2202 Cop.
1666 2140 1800 2190 Idem
1821 2138 2158 2202 triumphantis
2176 2153 2313 2204 equo.
2343 2139 2455 2188 Bit.
2485 2153 2590 2189 sec.

393 2203 530 2252 Idem
570 2203 866 2267 triumphans
905 2219 1038 2266 equo.
1074 2203 1320 2266 Quinque
1355 2203 1460 2265 alii,
1491 2205 1628 2254 Idem
1666 2203 2052 2266 triumphante-⁸.
2084 2203 2192 2252 Bit.
2227 2203 2380 2266 prim.
2419 2203 2593 2251 trium·

387 2269 544 2330 phasis
585 2283 698 2332 equo
738 2266 962 2317 insidens.
1019 2267 1166 2318 Leid.
1206 2269 1371 2331 quint.
1413 2269 1743 2331 triumphanti.
1800 2267 1947 2331 Mog.
1972 2266 2135 2318 etism
2172 2273 2228 2316 et
2252 2266 2371 2316 Vet.
2414 2266 2593 2315 delent

391 2345 590 2380 currum
601 2348 620 2390 ‚-
656 2330 817 2381 sedin
839 2333 937 2380 hac
949 2331 1318 2394 triumphantem
1333 2333 1641 2395 κεῖται-6
1675 2331 1692 2359 ‘
1706 2331 1793 2383 Sic
1814 2331 1947 2382 bene
1970 2339 2190 2394 uterque
2210 2329 2403 2380 Brund.
2427 2331 2590 2380 Βοιὼ.

393 2397 547 2460 prim.
568 2396 677 2446 Bit.
693 2411 796 2445 sec.
816 2402 872 2444 et
893 2395 1030 2444 Uitr.
1055 2395 1206 2459 prim.
1221 2410 1398 2445 accesso
1419 2397 1825 2459 eopemoem
1846 2397 1969 2445 Vet.
1984 2409 2186 2444 messor
2199 2394 2343 2445 Med.
2364 2401 2418 2443 et
2440 2393 2591 2444 Leid.

391 2459 566 2525 primi.
610 2474 817 2510 accessor
853 2459 1089 2525 Pighius,
1131 2459 1217 2525 qui
1257 2475 1474 2511 accensor
1517 2459 1752 2524 conjicit,
1788 2459 1961 2509 maie?
2010 2460 2272 2523 Ram—r
2308 2457 2395 2508 Ita
2438 2457 2593 2509 codd.

393 2526 592 2575 Brund.
613 2525 916 2575 Torreniani
939 2539 1133 2585 omues,
1157 2530 1213 2575 et
1232 2526 1356 2575 Vct.
1374 2524 1534 2589 Meg.
1559 2524 1777 2575 Veneti.
1800 2532 1855 2573 et
1877 2523 2094 2574 Medioi.
2146 2524 2357 2586 Pighius
2393 2521 2589 2571 Aldnm

395 2598 608 2641 secutus
631 2588 813 2652 edidit,
852 2590 1026 2639 Gaeseti
1059 2588 1476 2652 speciosamitu.
1515 2589 1649 2639 Mox
1680 2588 1847 2653 patria
1882 2591 1966 2637 sed
1997 2602 2089 2651 par
2110 2593 2371 2637 testantur
2410 2601 2590 2635 omnes

395 2654 552 2703 codd.
571 2661 628 2702 et
640 2653 758 2703 edd.
775 2661 898 2701 ante
918 2652 1174 2717 Pighium,
1191 2654 1282 2721 qui
1295 2654 1468 2703 dedit:
1510 2666 1643 2703 sors:
1673 2655 1755 2703 sed
1767 2652 1930 2715 putria
1942 2655 2149 2715 pan—8
2184 2652 2385 2715 Gryph.
2408 2650 2592 2715 steph.

393 2728 451 2768 et
473 2717 624 2781 Pigh.
649 2724 980 2779 extremorum,
1001 2718 1174 2769 deleto
1196 2724 1246 2769 et
1259 2734 1279 2775 ,-
1313 2717 1404 2767 sed
1426 2722 1727 2767 externorum
1736 2717 1938 2791 (habent
1959 2715 2112 2767 codd.
2136 2729 2251 2765 cum
2288 2716 2409 2764 edd.
2432 2716 2593 2778 antiq.

393 2782 553 2831 Multi
588 2782 747 2831 etiam
791 2780 946 2831 codd.
983 2787 1033 2831 et
1075 2786 1497 2832 externorum—9
1527 2781 1751 2830 Paucuh
1793 2782 2013 2829 Torren.
2055 2779 2251 2827 Mau-ulo
2269 2793 2289 2834 ,·
2340 2778 2487 2826 Harl.
2534 2784 2591 2827 et

396 2846 588 2909 copes.
627 2845 863 2903 Manilio,-
895 2844 1042 2895 Leid.
1086 2850 1137 2895 4.
1182 2846 1396 2904 Maricio,
1421 2853 1480 2895 ut
1503 2845 1637 2895 liber
1658 2852 1810 2893 vetus
1844 2843 2107 2892 Torrentii
2144 2840 2366 2891 habebat
2389 2855 2593 2903 quoque

389 2910 532 2973 apud
553 2910 736 2959 Seuec.
805 2911 930 2958 Mox
955 2910 1068 2959 cod.
1085 2910 1304 2961 Cantab.
1328 2910 1512 2958 Wassii
1531 2908 1670 2969 regni
1688 2906 1922 2970 affectati.
1960 2906 2167 2955 Deinde
2184 2905 2419 2954 undecim
2436 2905 2593 2953 co'dd.

383 2976 608 3025 Tot-ren.
629 2989 746 3025 cum
765 2974 884 3023 Vet.
907 2974 1050 3037 Meg.
1069 2972 1286 3023 Ascens.
1308 2981 1364 3025 et
1387 2975 1555 3023 altera
1578 2972 1722 3035 Lips.
1736 2971 2051 3033 respondendo
2066 2970 2444 3020 tustinum—lo
2473 2968 2593 3017 Vox

393 3039 517 3088 meos
539 3040 688 3087 deest
708 3038 762 3087 in
785 3038 1122 3100 Copes.unde
1135 3037 1437 3101 ejiciendam
1454 3038 1657 3101 putavit
1679 3034 1978 3085 Perizonius
1998 3042 2109 3094 :est
2131 3035 2242 3082 haec
2267 3047 2365 3082 vox
2388 3046 2592 3096 quoque

395 3110 599 3153 tantum
637 3103 773 3151 inter
814 3103 978 3151 lineas
1014 3101 1173 3152 Barb.
1194 3105 1244 3151 1.
1299 3102 1467 3150 Paulo
1492 3107 1611 3165 post
1634 3098 1899 3149 sexdecim
1918 3097 2071 3147 codd.
2094 3099 2307 3148 'rori-en.
2328 3111 2446 3145 cnm
2468 3096 2593 3145 Vet.

394 3168 540 3232 Mog.
563 3174 619 3217 et
639 3166 854 3217 Mediol.
872 3171 921 3216 3.
953 3166 1152 3229 benig-ne
1171 3180 1220 3215 se
1240 3168 1462 3215 warum
1475 3181 1497 3224 ,-
1531 3165 1623 3214 sed
1654 3163 1941 3226 larg-iturum
1964 3170 2049 3215 est
2084 3162 2141 3212 in
2172 3162 2391 3213 Venett.
2428 3158 2591 3211 Aidd.

1387 3309 1608 3362 NOTAE
1678 3332 1685 3345 =

399 3481 408 3487 ,
456 3422 480 3457 b
512 3424 630 3474 Sine
649 3424 860 3489 corpore]
905 3424 1039 3474 Filio
1080 3429 1257 3475 tamen
1292 3421 1454 3473 victo·
1534 3424 1667 3473 riam
1690 3438 1721 3473 a
1743 3420 1965 3485 Gurgite
1985 3418 2219 3467 relatam.

393 3500 524 3549 riam
548 3500 744 3549 virtute
775 3514 866 3549 sua
887 3498 1096 3564 peperit
1129 3498 1350 3547 imbellis
1373 3513 1452 3547 se·
1599 3499 1630 3531 ⁴*
1664 3498 1765 3549 An.
1789 3499 1867 3548 M.
1892 3499 2041 3545 3762.
2097 3493 2186 3542 01.
2211 3496 2321 3541 122.
2345 3494 2395 3539 1.
2460 3490 2596 3545 Uib.

393 3589 498 3625 nex
518 3591 534 3624 ι
567 3575 660 3625 ubi
671 3575 810 3625 enim
834 3576 1110 3639 Gurgitem
1133 3574 1197 3623 ab
1219 3573 1452 3623 hostibus
1536 3575 1598 3626 C.
1615 3578 1730 3624 461.
1790 3570 1917 3623 Ant.
1939 3570 2035 3620 Ch.
2057 3571 2175 3617 291.

392 3650 646 3700 inclusum
681 3650 834 3713 vidit3
865 3665 999 3715 equo
1040 3659 1218 3701 vectus
1252 3650 1306 3699 in
1345 3663 1452 3699 me·
1597 3656 1619 3683 ο
1655 3646 1876 3709 Caesetii]
1931 3646 1990 3695 L.
2012 3641 2269 3694 Caesetius
2304 3640 2494 3689 Flavus
2534 3646 2591 3688 et

340 3744 345 3749 ·
393 3726 536 3777 dium
580 3740 636 3776 se
674 3726 858 3790 injecit
897 3740 1080 3790 agmen
1101 3742 1142 3791 ς,
1173 3726 1308 3775 tanti
1351 3724 1452 3775 viri
1533 3728 1597 3779 C.
1623 3724 1843 3789 Epidius
1880 3720 2134 3771 Marullus
2164 3714 2379 3765 'Ribuni
2421 3713 2591 3777 plebis

393 3801 624 3864 periculo
665 3800 910 3851 commoti
954 3799 1174 3849 Romani
1217 3798 1454 3864 Equites,
1533 3803 1587 3852 in
1611 3811 1874 3851 carcerem
1912 3794 2034 3844 duci
2064 3793 2337 3855 jusserunt
2366 3802 2473 3850 eos,
2502 3787 2591 3851 qui

390 3876 512 3927 illuc
535 3884 650 3926 tota
686 3876 801 3925 acie
839 3875 1164 3935 incumbunt,
1202 3889 1298 3923 nec
1321 3873 1452 3923 frus·
1535 3875 1776 3927 diadema
1796 3879 1988 3922 statuae
2028 3867 2091 3918 C.
2116 3864 2337 3916 Caesaris
2366 3862 2594 3925 imposu-

390 3959 504 4001 tra:
541 3951 736 4001 Consul
759 3950 1111 4014 ,Consulisque
1137 3956 1290 4013 pater
1325 3950 1455 3999 libe·
1535 3957 1719 4011 erant3
1752 3948 1972 4012 ideoque
1994 3946 2257 4007 potestate
2290 3937 2505 4000 privati,
2524 3950 2592 3986 ex

389 4034 594 4088 rantur,
611 4025 899 4076 funduntur
922 4027 1112 4088 hostes,
1132 4025 1456 4089 pontiusque
1533 4026 1681 4075 Suet.
1692 4024 1887 4071 Senatu
1906 4016 2036 4066 moti
2052 4021 2105 4063 et
2122 4011 2279 4077 ejecti
2293 4012 2345 4060 iu
2364 4010 2593 4075 exilium,

391 4102 616 4165 capitur.
715 4101 804 4151 Ita
842 4116 1020 4151 omues
1053 4107 1249 4164 praezer
1289 4100 1458 4149 Zona·
1535 4114 1606 4149 ex
1627 4098 1773 4146 Piut.
1796 4091 1857 4144 et*
1870 4090 2101 4155 Appian.

395 4192 518 4243 ram,
538 4178 627 4243 qui
649 4177 865 4227 absente
889 4178 1129 4227 Rullisuo
1167 4176 1278 4227 vult
1298 4175 1458 4226 victo·
