3144 4925
754 395 916 444 osv.
963 390 1095 441 vn.
1145 392 1563 442 nus‘ruoio
1615 391 2189 444 n'r·1nous'rnm.
2452 377 2583 443 ’765

386 543 463 604 ta
495 536 749 621 pariter
760 539 817 584 '¹⁷
860 541 929 602 et
962 536 1183 600 'omnis
1224 536 1592 600 honestatis
1615 535 2085 620 'percipiendae
2135 533 2577 620 cupiditatem

384 640 729 722 ingressus
751 635 952 722 (nihil
982 637 1159 701 enim
1188 635 1372 720 quod
1401 636 1490 701 ad
1521 636 1825 701 ultimum
1861 639 1970 703 sui
2001 638 2200 702 finem
2229 645 2582 722 perventu-

386 759 533 804 rum
568 747 696 818 est,
734 759 867 804 non
905 746 977 803 et
1016 745 1269 804 mature
1289 739 1340 777 ¹⁸
1384 748 1455 803 et
1502 739 1806 804 celeriter
1858 739 2148 822 incipit!
2152 737 2184 823 )
2209 741 2581 824 AEgyptum

384 841 620 926 petiit:
665 841 783 905 ubi
809 838 1273 922 literis‘gentis
1302 838 1453 924 ejus
1482 841 1927 918 assuefactus,
1957 843 2278 924 praeteriti
2310 844 2442 908 oevi
2471 860 2581 907 sa-

388 939 728 1006 cerdotum
760 941 1267 1006 commentarios
1294 945 1655 1018 scrutatae,
1678 942 2253 1007 innumerabilium
2281 944 2582 1010 saeculo-

383 1062 531 1107 rum
548 1049 576 1078 ¹¹
618 1044 1121 1108 observationes
1163 1043 1504 1124 cog-novit.
1591 1042 1758 1108 Inde
1803 1043 1893 1107 ad
1933 1043 2186 1120 Persas
2225 1044 2580 1126 profectus,

385 1129 735 1226 magorum
758 1151 787 1180 ⁰
850 1143 1307 1208 exactissimae
1365 1143 1736 1229 prudentiae
1790 1164 1866 1210 se
1918 1143 2334 1210 formandum
2376 1146 2582 1212 tradi-

389 1245 489 1310 dit
500 1253 581 1326 3¹⁹
625 1265 670 1309 a
695 1245 941 1328 quibus
970 1244 1264 1308 siderum
1296 1249 1520 1310 motus
1552 1263 1920 1328 cursusque
1951 1245 2313 1322 stellarum,
2343 1252 2411 1311 et
2437 1247 2583 1311 uni·-

387 1345 811 1430 uscujusque
828 1351 887 1384 ²0
928 1347 1090 1426 vim,
1119 1345 1615 1430 proprietatem,
1653 1353 1720 1412 et
1760 1346 2064 1413 effectum
2103 1345 2579 1427 benignissime

388 1447 906 1513 demonstratum
981 1448 1189 1514 docili
1256 1449 1477 1514 animo
1521 1449 1769 1515 hausit.
1860 1448 2126 1514 Cretam
2188 1447 2451 1527 deinde,
2517 1457 2587 1514 et

390 1542 878 1612 Lacedaemona
895 1554 945 1586 ²¹
992 1549 1372 1632 navigavit:
1419 1569 1696 1632 quarum
1745 1550 2012 1632 legibus
2055 1569 2136 1614 ac
2165 1550 2459 1614 moribus
2485 1536 2594 1613 iu·¹

389 1649 673 1734 specus,
732 1648 819 1713 ad
874 1649 1301 1734 Olympicum
1356 1656 1734 1716 certamen?
1799 1650 2162 1716 descendit.
2274 1648 2583 1733 Cumque

388 1827 480 1942 ἑᾱί
496 1831 647 1906 Omns
664 1831 806 1892 mm,
828 1834 951 1896 quod
967 1834 1273 1884 cd'summ
1290 1831 1630 1896 perfectionem
1660 1832 1906 1897 peruenire
1935 1831 2092 1894 dubet,
2112 1837 2162 1882 et
2180 1836 2384 1896 mutare,
2402 1837 2451 1882 et
2470 1831 2586 1881 eels-

460 1908 513 1942 η
655 1901 842 1960 mma·

514 1893 634 1960 ’βω
1310 1965 1666 2000 mm

390 2067 453 2113 17
488 2064 633 2114 Harl.
668 2072 915 2116 acumen
950 2057 1173 2131 paritet-,5
1201 2066 1349 2119 Leid.
1370 2072 1420 2118 6.
1454 2072 1737 2130 &menta
1764 2067 1964 2131 pariter.
2032 2065 2245 2129 Pighius
2269 2078 2488 2128 eumque
2510 2078 2590 2114 se·

391 2129 501 2178 cutl
540 2135 588 2178 et
631 2138 813 2180 contra
855 2146 1030 2181 omnes
1073 2132 1229 2181 libros
1272 2133 1433 2182 tacito
1475 2132 1784 2181 omiserunt.
1866 2132 1996 2180 Mox
2042 2129 2194 2180 Harl.
2241 2130 2589 2194 eupiditate.—

392 2191 457 2240 is
489 2193 633 2257 Meg.
657 2195 783 2243 enim
801 2197 865 2244 ad
885 2211 935 2245 u.
954 2212 996 2246 s.
1015 2201 1347 2258 perventurum
1368 2200 1439 2246 est
1445 2195 1616 2261 finem,
1635 2198 1756 2258 qnod
1775 2210 1868 2245 non
1887 2200 1936 2245 et
1959 2202 2143 2248 natm
2158 2211 2180 2252 ,·
2209 2209 2325 2245 cum
2350 2209 2450 2259 qno
2470 2207 2591 2243 con·

389 2257 548 2307 sentit
569 2257 757 2308 Ultra‘.
795 2274 901 2309 sec.
937 2259 1033 2308 nisi
1060 2261 1206 2324 ‚quod
1243 2260 1331 2310 ille
1372 2261 1533 2310 habet
1569 2259 1747 2324 incepit
1783 2273 1902 2308 cum
1925 2259 2072 2309 Harl.
2111 2266 2166 2307 et
2197 2259 2363 2316 tribus
2403 2257 2589 2308 Leidd.

390 2317 661 2384 Ascendo,
745 2320 851 2384 ido,
883 2325 1176 2387 ceterisque
1200 2325 1391 2373 secutis
1415 2338 1574 2387 usque
1613 2324 1678 2372 ad
1717 2323 1976 2385 Pighium.
2048 2323 2250 2372 Deinde
2283 2323 2386 2372 duo
2427 2321 2589 2371 Paris.

389 2385 460 2432 ibt·
480 2385 664 2435 literis.-
698 2400 849 2446 unns,
870 2393 918 2437 et
938 2389 1157 2438 ibn-19
1192 2387 1339 2437 Leid.
1359 2389 1525 2450 quint.
1548 2401 1598 2435 se
1617 2386 2003 2446 irasmundum
2027 2387 2266 2445 crudum,-
2287 2386 2423 2450 quod
2446 2385 2588 2434 vide-

390 2453 478 2517 tur
499 2458 802 2513 corruptum
826 2466 892 2500 ex
918 2466 998 2515 eo,
1029 2452 1167 2517 quod
1188 2460 1267 2502 est
1289 2453 1340 2501 in
1366 2454 1475 2503 Bit.
1502 2451 1650 2515 prim.
1673 2467 1725 2501 se
1745 2449 2094 2511 informandam
2113 2450 2468 2500 traditam—2⁰
2504 2449 2589 2498 lta

392 2528 563 2563 omnes
588 2514 741 2565 codd.
759 2516 970 2567 Tot-ren.
1009 2523 1065 2566 et
1106 2517 1258 2581 Pigh.
1290 2516 1649 2578 uniuscnjusque
1669 2514 1742 2564 res·
1775 2514 1896 2563 edd.
1920 2521 2046 2564 vett.
2115 2514 2242 2563 Mox
2281 2528 2374 2577 pro
2410 2514 2590 2574 hausit,

392 2578 531 2641 qnod
553 2586 609 2628 et
633 2578 849 2642 Pighius
882 2594 948 2629 ex
990 2582 1187 2631 Cauch.
1226 2588 1279 2629 et
1319 2582 1499 2630 Colon.
1537 2580 1786 2639 restitnit,
1815 2579 2108 2641 habentque
2147 2578 2300 2627 codd.
2341 2576 2590 2639 Gudiani,

390 2644 588 2705 sumpsit
608 2642 768 2693 Aldd.
788 2644 957 2694 Colin.
981 2645 1187 2709 Gryph.
1210 2653 1265 2695 et
1285 2645 1469 2708 steph.
1504 2644 1698 2705 scripsit
1718 2657 1847 2692 nnus
1872 2643 2062 2691 Brand.
2098 2640 2290 2705 Ultrsj.
2313 2647 2366 2690 2.
2402 2640 2590 2690 Leidd.

394 2710 441 2754 1.
463 2711 512 2754 2.
532 2711 579 2756 6.
611 2706 791 2756 Chalc.
818 2708 1033 2771 Herbip.
1058 2710 1205 2771 Meg.
1229 2713 1285 2758 et
1304 2707 1522 2757 Mediol.
1561 2707 1736 2771 sorpsit
1773 2706 1967 2768 Ultraj.
1995 2710 2044 2754 1.
2094 2704 2239 2754 Leid.
2275 2711 2325 2755 5.
2364 2711 2420 2753 et
2457 2705 2590 2752 alter

393 2769 591 2820 Brund.
622 2773 794 2835 serpsit
830 2772 885 2820 in
924 2771 1231 2837 quibusdam
1267 2772 1523 2822 aliia—²1
1560 2772 1865 2836 Complures
1901 2770 2055 2819 codd.
2093 2771 2326 2820 Torren.·
2351 2774 2408 2819 et
2443 2768 2588 2832 Mog-

1391 2864 1613 2919 No'rAE

455 2969 481 2994 ¹¹
511 2960 932 3017 [numerabilium
950 2964 1247 3029 soeculorum]
1270 2963 1321 3015 A
1344 2964 1446 3029 pri-

392 3054 477 3089 mo
521 3041 661 3105 Rege
700 3042 764 3091 sd
801 3045 999 3094 Sethon
1036 3042 1309 3109 progenies
1332 3043 1447 3092 341.

394 3114 715 3181 totidemque
749 3118 1036 3170 Pontifices
1066 3133 1132 3169 ac
1156 3118 1331 3181 Reges
1357 3131 1449 3167 nu·

392 3192 683 3254 mer-abant,
704 3195 839 3259 quod
862 3194 1040 3243 decem
1065 3208 1310 3244 annorum
1335 3192 1448 3241 mil-

389 3267 465 3315 lia
497 3267 726 3331 conficit,
761 3278 814 3319 et
853 3271 919 3320 ab
955 3270 1184 3320 Hercule
1206 3268 1449 3333 AEgyptio

396 3342 462 3391 ad
497 3344 691 3406 Regem
716 3344 947 3394 Amasim
967 3359 1217 3395 annornm
1239 3348 1317 3394 17.
1342 3345 1451 3393 mil·

392 3418 482 3469 lia.
547 3419 635 3468 lta
655 3419 863 3482 quidem
899 3419 1215 3477 Herodotus,
1239 3420 1324 3484 qui
1348 3426 1449 3468 tes-

393 3501 537 3543 tatur
572 3494 696 3543 alibi
730 3509 817 3545 eos
852 3495 1033 3546 decem
1056 3510 1304 3545 annorum
1341 3509 1451 3558 my-

394 3567 568 3632 riadas
614 3584 921 3621 numerasse.
989 3570 1071 3621 Ex
1094 3571 1345 3622 Cicerone
1385 3570 1453 3621 de

395 3644 632 3695 Divinat.
672 3645 759 3695 lib.
804 3660 843 3695 1.
879 3646 1297 3710 ‘Quadringima
1336 3659 1455 3709 sep-

395 3720 630 3783 tuaginta
661 3722 822 3771 millia
858 3736 1126 3783 annorum,
1163 3729 1222 3771 nt
1257 3721 1354 3784 ipsi
1376 3721 1455 3770 di-

396 3806 542 3857 cunt,
572 3797 913 3847 monumentis
942 3796 1308 3861 comprehensa
1340 3810 1455 3846 con·

394 3870 600 3921 tinent-3

408 4006 413 4011 ,
459 3948 483 3980 ⁶
544 3943 817 4012 Magorum]
872 3948 977 4000 Qui
1018 3946 1331 4009 Astrologiae
1375 3947 1452 3997 his

398 4024 719 4087 temporibus
763 4023 1091 4073 habebantur
1127 4022 1451 4088 peritissimi:

398 4099 721 4162 Babylonem
750 4100 817 4149 ad
840 4099 1109 4149 Chaldaeos
1132 4098 1335 4147 venisse
1357 4106 1457 4147 tra-

402 4166 481 4223 dit
511 4174 781 4236 Justinus3
815 4175 939 4225 inde
966 4172 1235 4237 profectus
1256 4174 1310 4223 in
1331 4173 1455 4225 Cre·

1531 2970 1655 3024 tam,
1676 2966 1733 3011 ut
1750 2961 1963 3025 Minois,
1980 2967 2089 3011 tum
2115 2961 2508 3025 Lacedaemona,
2530 2966 2591 3010 nt

1530 3038 1758 3105 Lycurgi
1799 3039 1942 3103 leges
1977 3043 2334 3101 cognosceret.

1593 3120 1620 3155 Ρ
1672 3117 1755 3165 Aa
1801 3114 2098 3179 Olympicum
2137 3112 2395 3177 eneam]
2456 3112 2586 3162 Cum

1529 3189 1772 3256 frequens
1790 3190 1862 3241 sit
1894 3189 2032 3253 apud
2055 3198 2294 3240 auctores
2317 3188 2589 3255 Olympia·

1530 3266 1652 3317 dum
1676 3265 1888 3326 mentio,
1909 3273 1965 3315 et
1997 3279 2091 3316 uos
2110 3279 2287 3314 earum
2319 3280 2591 3314 numerum

1530 3342 1596 3392 ad
1621 3340 1902 3405 marginem
1923 3342 2255 3403 ascribamus,
2276 3356 2450 3405 operae
2475 3356 2592 3405 pre·

1533 3416 1660 3466 tium
1684 3421 1785 3477 est,
1805 3432 1838 3465 a
1874 3432 1997 3481 quo,
2028 3417 2254 3482 quando,
2278 3416 2364 3465 ubi
2387 3417 2592 3481 institu-

1533 3498 1603 3542 tae
1636 3491 1760 3552 sint,
1797 3507 2014 3556 quaeqne
2049 3493 2113 3542 ad
2143 3507 2320 3542 earum
2342 3491 2592 3557 cognitio·

1533 3583 1652 3618 nem
1690 3568 2004 3632 pertineant,
2062 3568 2324 3631 explicare
2379 3567 2592 3630 paucis;

1535 3651 1713 3707 totum¹
1726 3659 1848 3695 vero
1867 3646 2002 3694 hunc
2032 3646 2198 3695 locum
2221 3660 2288 3695 ex
2311 3645 2500 3695 nostris
2521 3644 2589 3693 ad

1533 3719 1801 3771 Justinnm
1836 3722 1970 3769 notis
1995 3720 2060 3769 ad
2093 3720 2308 3770 verbum
2339 3720 2592 3771 describi-

1535 3809 1664 3843 mus.
1689 3797 1736 3843 1.
1762 3793 1892 3843 Ludi
1923 3795 2203 3858 Olympici,
2236 3800 2373 3844 teste
2396 3794 2593 3844 Pausa·

1536 3873 1643 3936 nia,
1667 3873 1734 3923 ab
1767 3873 1996 3923 Hercule
2039 3888 2138 3925 uno
2176 3888 2242 3923 ex
2266 3873 2421 3922 Idaeis
2447 3874 2588 3923 Dec-

1534 3948 1658 4011 tylis
1678 3948 1932 3997 instituti:
1967 3956 2076 3999 tum
2092 3964 2123 3997 a
2141 3948 2369 4011 Pelope3
2400 3948 2591 3999 deinde

1535 4023 1602 4073 ab
1639 4022 1869 4073 Hercule
1913 4022 2231 4086 posterioree
2278 4022 2480 4073 demum
2521 4024 2588 4074 ab

1534 4099 1709 4164 Iphito
1733 4098 1950 4157 Ellensi,
1973 4111 2071 4145 uno
2110 4112 2174 4145 ex
2198 4099 2422 4160 posteris
2453 4098 2587 4147 Her·

1533 4176 1683 4243 culis,
1705 4173 1749 4225 si
1776 4172 1999 4223 Eusebio
2016 4172 2290 4237 credimus,
2309 4176 2590 4226 restaurati
