3144 4925
575 434 734 480 cAl‘.
767 432 878 479 lx,
931 431 1028 477 na
1077 430 1358 478 itm-AT.
1411 430 1685 477 monum
1734 430 1887 479 Αυτ
1936 430 2331 480 ΒοκτυΝΕ.
2428 418 2560 483 651

371 574 781 641 infelicitatis
811 594 882 638 se
916 572 1440 658 praedamnarez³
1486 592 1831 657 spemque,
1865 594 2017 657 quae
2062 576 2265 639 etiam
2309 578 2563 643 incerta

370 684 547 743 recte
567 684 597 725 ⁴
639 678 924 756 fovetur,
955 674 1282 741 interdum
1326 680 1574 741 certam
1616 678 1686 741 in
1728 676 2259 760 desperationem
2288 698 2563 747 couver-

372 788 527 845 tere.
2554 844 2561 851 .

458 883 520 945 1.
567 880 868 945 Manlius
911 880 1301 964 Torquatus
1351 881 1518 944 adeo
1561 881 1825 945 hebetis
1867 888 2071 964 atque
2101 883 2325 947 obtusi
2348 890 2372 931 ⁵
2419 902 2563 948 cor-

372 984 475 1047 dis
505 985 678 1047 inter
705 984 898 1047 initia
916 982 1214 1066 juventae
1245 982 1675 1047 existimatus
1705 990 1832 1060 est,
1861 990 1934 1049 ut
1962 1004 2003 1049 a
2033 992 2225 1069 patre
2254 984 2334 1050 L.
2367 985 2563 1049 Man-

370 1086 464 1149 lio
493 1084 915 1167 amplissimo
943 1084 1110 1161 viro,
1143 1086 1304 1167 quia
1333 1092 1406 1148 et
1450 1085 1841 1149 domesticis
1886 1095 1956 1150 et
1989 1088 2378 1169 reipublicae
2424 1088 2564 1150 usi-

370 1188 500 1250 bus
529 1184 786 1251 inutilis
811 1185 1176 1264 videbatur,
1206 1206 1318 1251 rus
1354 1188 1684 1268 relegatus
1733 1189 1974 1270 agresti
2018 1208 2221 1271 opere
2250 1188 2563 1271 fatigare-

370 1297 504 1367 tur,
535 1286 958 1372 postmodum
988 1294 1244 1369 patrem
1272 1306 1459 1352 reum
1477 1295 1504 1323 ⁸
1535 1288 1849 1372 judiciali
1879 1290 2177 1371 periculo
2216 1290 2559 1354 liberavit:

370 1390 583 1453 filium
608 1388 960 1466 victorem,
988 1388 1172 1470 quod
1221 1388 1540 1454 adversus
1586 1388 1933 1471 imperium
1963 1410 2161 1455 suum
2190 1410 2341 1454 cum
2368 1391 2563 1455 hoste

369 1510 638 1555 manum
667 1495 1110 1567 conseruerat,
1142 1491 1363 1554 securi
1409 1492 1745 1574 percussit
1762 1482 1811 1556 ι*
1858 1494 2151 1575 patriam
2182 1493 2424 1557 Latino
2457 1502 2561 1556 tu-

371 1592 580 1656 multu
630 1590 904 1669 fessam,
965 1591 1470 1673 spe'ciosissimo
1529 1592 1861 1674 triumpho
1906 1594 2253 1670 recreavit,
2294 1594 2362 1656 in
2389 1594 2561 1671 ·hoc,

372 1693 597 1770 cred0,
644 1692 923 1757 fortunae
975 1693 1207 1758 nubilo
1229 1692 1257 1732 ⁶
1320 1694 1794 1759 adolescentiae
1837 1702 2177 1761 contemtu
2223 1694 2560 1778 perfusus,

371 1815 506 1879 quo
535 1787 904 1859 senectutis
935 1792 1081 1877 ejus
1109 1793 1316 1859 decus
1344 1794 1630 1860 lucidius
1661 1795 2101 1861 enitesceret·¹

453 1898 519 1961 2.
566 1897 801 1980 Scipio
835 1902 1058 1961 autem
1087 1894 1444 1962 Africanus
1487 1898 1815 1978 superior,
1845 1915 2043 1978 quem
2078 1897 2197 1960 Dii
2224 1898 2563 1963 immorta-

430 2136 454 2161 ⁴
481 2132 632 2181 Credo
653 2134 786 2181 illum
807 2136 938 2195 quusi
973 2132 1184 2195 ,maligna
1217 2134 1422 2181 adversa
1450 2132 1666 2194 fortuna
1700 2133 1903 2195 caligine
1939 2132 2141 2196 offusum
2174 2133 2229 2182 in
2248 2131 2559 2183 adolescentia

365 2201 642 2245 contemtum
647 2198 821 2260 fuisse,
839 2204 892 2247 ut
911 2198 962 2247 in
981 2202 1214 2247 senectuu
1233 2196 1364 2245 illius
1383 2196 1584 2246 virtutes
1602 2196 1769 2257 maiori
1782 2199 2027 2262 splendore
2059 2199 2304 2248 ducerent.

1265 2358 1564 2379 ‘mm
1571 2358 1631 2377 ‘O

368 2481 569 2537 obtexit,-
603 2481 696 2530 sed
731 2481 936 2544 plurimi
975 2482 1125 2532 codd.
1159 2497 1276 2533 cum
1308 2484 1425 2534 edd.
1459 2489 1591 2532 vett.
1626 2482 1784 2532 aberit
1804 2486 2125 2531 servant—3
2160 2481 2248 2530 Ita
2280 2481 2495 2544 Pighius
2530 2497 2560 2531 e

369 2545 539 2594 Pulm.
565 2546 743 2595 Colon.
768 2553 824 2595 et
844 2546 959 2597 Sus.
979 2547 1156 2611 itaque
1180 2558 1286 2598 tres
1307 2547 1641 2607 Torreniani3
1678 2553 1783 2596 tres
1821 2547 1909 2595 alii
1946 2547 2202 2610 Pigliiaui,
2227 2546 2419 2595 Brand.
2444 2551 2488 2596 1.
2509 2551 2560 2597 2.

369 2618 426 2658 ct
447 2611 596 2658 multi
617 2611 841 2659 fl'orren.
857 2625 909 2660 se
926 2613 1149 2660 damnare
1163 2629 1182 2670 ,-
1217 2613 1406 2677 Ultraj.
1439 2617 1485 2661 1.
1521 2617 1579 2660 et
1608 2611 1725 2660 Vet.
1743 2623 1794 2659 se
1821 2625 1947 2672 saepe
1966 2613 2304 2659 dematura—4
2339 2610 2427 2659 Ita
2450 2625 2561 2658 rur-

367 2689 452 2722 sus
479 2673 540 2722 Pi
579 2675 692 2723 hius
715 2691 744 2722 e
768 2674 922 2723 codd.
949 2675 1074 2725 Mss.
1108 2677 1176 2725 Et
1193 2677 1347 2726 habet
1366 2690 1572 2741 quoque
1592 2676 1669 2724 ita
1691 2681 1911 2738 uterquc
1934 2675 2050 2723 cod.
2073 2673 2269 2723 Brand.
2296 2675 2385 2722 scd
2412 2673 2563 2724 chal-

369 2753 531 2788 cocou
570 2739 682 2800 yles
703 2745 760 2788 et
781 2737 947 2788 Aldus
976 2753 1071 2802 pro
1092 2746 1219 2790 recte
1238 2742 1434 2790 liabent
1451 2741 1638 2789 ratione
1651 2755 1670 2797 ,·
1704 2746 1759 2788 et
1778 2739 1853 2788 sic
1885 2739 2040 2787 etiam
2067 2738 2211 2787 Leid.
2240 2743 2291 2786 ὁ.
2314 2744 2369 2786 et
2393 2739 2562 2788 Bitur.

371 2807 419 2850 1.
442 2804 605 2851 ceteri
629 2802 781 2852 codd.
803 2818 922 2852 cum
943 2805 1050 2853 sola
1073 2805 1220 2866 Mog.
1240 2811 1479 2856 recta—5
1516 2804 1735 2854 Colerus
1758 2817 1822 2851 ex
1857 2803 1996 2851 Dan.
2018 2802 2183 2851 edidit
2206 2801 2412 2863 obtunsi,
2435 2816 2559 2850 con-

368 2873 454 2915 tra
475 2881 653 2915 omnes
675 2868 800 2917 alios
821 2868 975 2919 codd.
997 2877 1052 2918 et
1069 2869 1190 2920 edd.
1215 2877 1345 2920 vett.
1386 2870 1514 2919 Mox
1535 2873 1609 2918 cst
1634 2875 1749 2931 post
1780 2866 2079 2916 existimatus
2100 2865 2302 2914 addidit
2322 2866 2563 2928 Pighius,

368 2931 505 2994 quod
527 2931 723 2980 habent
743 2933 900 2981 etiam
922 2933 1160 2982 undecim
1182 2934 1334 2983 codd.
1367 2934 1585 2983 Torreu.
1623 2931 1825 2981 addidit
1848 2945 2053 2996 quoque
2074 2945 2369 2994 praenomen
2390 2929 2451 2978 L.
2475 2929 2564 2978 fir·

367 2996 631 3044 mantibus
667 2996 929 3061 plerisque
963 2997 1117 3046 codd.
1148 2999 1363 3047 Tot-ren.
1388 3005 1446 3046 et
1479 2999 1623 3059 Mog.
1661 2996 1807 3045 dedit
1827 2996 1983 3044 ctiam
2015 2995 2060 3043 is
2092 2999 2356 3058 postquam,
2378 3002 2563 3043 contra

370 3073 544 3108 omues
571 3059 724 3109 codd.
759 3068 814 3109 et
853 3061 974 3111 edd.
1000 3069 1132 3111 vett.
1156 3062 1523 3124 ddatigaretur,
1559 3065 1822 3123 postquam,
1856 3062 1937 3122 ξε.
1974 3058 2171 3108 Medic.
2202 3063 2354 3107 2.—6
2388 3057 2473 3107 Ita
2496 3071 2562 3107 cx

370 3123 524 3174 codd.
558 3125 665 3172 suis
699 3125 1005 3174 Torrenius:
1043 3125 1260 3188 Pighius
1303 3127 1490 3190 aliique
1533 3124 1820 3174 dedet-nuti
1856 3126 1910 3172 in
1930 3125 1979 3173 ἡ.
2011 3123 2119 3182 «af.
2144 3122 2369 3184 maligna
2388 3122 2564 3172 nubilo.

369 3187 498 3237 Mox
521 3188 708 3236 ‘iidem
727 3189 982 3250 perfusum.
1045 3190 1320 3239 Torrenius
1343 3198 1510 3253 putat,
1532 3189 1797 3238 Valerium
1814 3188 2084 3250 scripsisse
2104 3204 2117 3237 z
2158 3203 2189 3236 a
2208 3187 2482 3248 fortun...,
2506 3195 2565 3236 ut

370 3265 547 3301 sensus
589 3254 687 3302 sit:
725 3254 896 3303 Credo
933 3253 1193 3303 fortunam
1215 3255 1375 3318 ipsius
1399 3254 1799 3303 adolescentiam
1823 3251 1939 3301 ideo
1963 3253 2234 3302 obscuram
2258 3259 2313 3300 et
2336 3259 2565 3302 contem-

374 3322 482 3364 tam
505 3317 816 3379 reddidisse,
850 3326 910 3367 ut
931 3328 1172 3368 senectus
1197 3319 1310 3382 ejus
1332 3323 1479 3368 tanto
1501 3318 1690 3367 clarior
1722 3323 1777 3365 et
1811 3316 1989 3380 gloriae
2014 3313 2219 3380 fulgore
2244 3316 2561 3378 splendidior

369 3387 522 3430 esset.
588 3379 688 3430 Ast
706 3382 864 3430 nubilo
886 3383 1006 3431 mihi
1027 3383 1233 3432 videtur
1254 3397 1357 3432 non
1380 3383 1692 3444 adjectivum
1716 3395 1850 3438 esse,
1871 3380 2007 3444 qno,d
2029 3380 2095 3428 ad
2116 3385 2352 3430 contemtu
2374 3380 2563 3428 refera-

367 3453 470 3501 tur,
487 3451 546 3494 nt
566 3447 840 3496 Torrenius
863 3447 992 3509 vult,
1020 3446 1114 3496 sed
1137 3447 1533 3507 substantivum,
1556 3452 1616 3494 ut
1629 3447 1839 3505 forem
1858 3445 2017 3493 nubilo
2038 3445 2107 3493 sit
2130 3445 2339 3494 fortuna
2363 3444 2561 3505 nubila,

366 3508 606 3570 adversa,
630 3511 786 3561 tristi.
857 3512 1007 3560 Mens
1029 3511 1222 3561 Valerii
1243 3512 1403 3574 clara,
1423 3518 1480 3560 at
1501 3511 1637 3559 ratio
1658 3507 2055 3558 constructionis
2077 3509 2331 3572 implicita
2352 3516 2407 3557 et
2428 3507 2564 3557 diffi-

369 3573 495 3623 cilis.
561 3575 674 3637 Ego
699 3575 774 3624 sic
811 3577 1052 3638 explieoz
1097 3576 1151 3625 in
1183 3576 1290 3638 hoc,
1312 3577 1347 3628 i.
1371 3590 1420 3625 e.
1444 3581 1747 3638 propterea,
1768 3572 1924 3637 (cave
1944 3573 2080 3622 enim
2102 3587 2218 3622 cum
2239 3571 2490 3622 Ascensio
2510 3573 2563 3620 in

367 3637 450 3685 hoc
471 3652 588 3686 cum
610 3637 767 3687 nubilo
789 3638 1098 3703 construas,)
1119 3642 1272 3702 credo,
1283 3640 1496 3700 fortunae
1519 3639 1695 3700 nubilo,
1713 3637 1747 3687 i.
1767 3651 1816 3686 e.
1840 3637 1975 3686 tristi
2000 3634 2110 3686 fato
2125 3636 2364 3701 quodam,
2383 3637 2561 3684 adoles-

367 3702 536 3751 centia
556 3707 790 3752 contemtu
809 3703 1044 3766 perfusus,
1079 3705 1113 3752 i.
1135 3719 1183 3754 e.
1208 3719 1325 3752 cum
1362 3704 1528 3753 adhuc
1561 3703 1865 3752 adolescens
1887 3709 2047 3764 esset,
2069 3706 2361 3750 contemtus
2385 3707 2439 3747 ct
2464 3713 2557 3761 pro

365 3765 526 3815 nihilo
571 3773 799 3830 putatus,
836 3775 914 3829 ut,
951 3773 1050 3818 ὅτε.
1107 3769 1460 3831 Oppouuntur
1491 3768 1651 3816 nubilo
1680 3775 1736 3816 et
1768 3766 2004 3822 incidite,-
2035 3769 2269 3814 contemtu
2304 3770 2359 3812 et
2392 3763 2562 3819 dem,-

362 3831 581 3892 γαίων
606 3838 663 3881 ct
679 3833 972 3882 eniteretur?
1007 3833 1182 3896 Kapp.
1203 3833 1424 3894 maligna
1445 3832 1626 3882 delent
1646 3831 1833 3894 scripti
1854 3843 2064 3890 omnes3
2097 3827 2314 3892 perfusus
2336 3834 2485 3875 extat
2508 3827 2560 3873 iu

1361 3992 1581 4044 NOTAE

436 4121 459 4148 ⁸
479 4113 681 4166 Patrem
701 4115 855 4180 reum]
874 4115 1006 4166 Haec
1024 4115 1195 4166 omnia
1216 4129 1333 4180 quae
1358 4113 1426 4163 ad
1569 4111 1602 4142 ⁴⁸
1632 4111 1736 4162 An.
1758 4111 1837 4161 Μ.
1862 4113 2011 4160 3717.
2039 4108 2129 4160 01.
2149 4112 2259 4158 110.
2280 4113 2330 4160 4.
2352 4107 2482 4158 Urb.
2499 4107 2563 4168 C,

367 4192 445 4241 Μ.
476 4193 730 4242 Manlium
769 4191 1034 4256 pertinent
1069 4205 1228 4255 supra
1249 4189 1425 4240 multis
1505 4193 1621 4240 416.
1646 4187 1771 4239 Ant.
1792 4187 1885 4236 Ch.
1908 4188 2022 4236 336.
2484 4223 2487 4228 .

366 4269 720 4332 explicuimus.
