3144 4925
1025 395 1192 442 cAr.
1225 395 1305 441 11.
1357 396 1452 442 nr:
1501 397 1797 445 GRA‘HS.
2398 387 2529 450 523

329 536 414 600 lis
441 535 764 600 exaudire
790 552 922 600 non
953 537 1300 618 potuisse!
1383 529 1474 602 Et
1503 557 1665 602 sane
1690 538 1763 602 id
1791 547 2057 622 tempus
2096 545 2250 604 tunc
2275 549 2327 592 ³⁹
2368 552 2529 622 erat,

330 657 467 721 quo
495 636 716 719 magis
743 637 1124 717 defendere,
1153 657 1352 721 quam
1383 639 1613 704 audire
1641 640 1821 722 leges
1848 641 2242 723 oportebat.‡

343 799 349 804 .
414 739 480 802 9.
527 736 604 801 C.
657 737 862 802 Marii
908 739 1196 821 vestigia
1242 741 1494 822 ubique
1550 741 1629 803 L.
1660 741 1851 824 Sylla
1900 745 2259 806 certamine
2307 743 2529 810 laudis

327 839 782 924 subsequitur.
873 841 1188 906 Dictator
1231 843 1410 906 enim
1453 842 1784 926 Pompeio
1824 843 2024 908 etium
2070 845 2337 927 privato
2353 852 2415 894 4⁰
2456 854 2529 911 et

329 949 546 1024 caput
597 943 967 1026 adaperuit,
1021 950 1090 1009 et
1149 945 1317 1008 sella
1365 937 1757 1022 assurrexit,
1799 950 1866 1010 et
1912 964 2089 1027 equo
2139 946 2529 1013 descendit:

329 1045 349 1073 ‘
383 1061 604 1125 eaque
635 1064 708 1107 se
736 1045 1016 1110 libenter
1047 1045 1302 1110 facere'
1331 1046 1398 1110 in
1431 1046 1751 1112 concione
1794 1046 2231 1129 praedicavit3
2276 1068 2529 1115 memor

330 1144 418 1206 ab
437 1164 520 1208 eo
548 1145 1006 1230 duodeviginti
1037 1150 1232 1213 annis
1262 1156 1420 1213 nato
1449 1155 1678 1236 partes
1706 1169 1862 1214 suas
1883 1151 2175 1214 exercitu
2204 1157 2484 1234 paterno
2502 1161 2529 1187 ⁰

328 1245 622 1329 adjutas.
711 1247 932 1314 Multa
958 1251 1244 1332 insignia
1267 1250 1599 1334 Pompeio
1619 1273 1638 1332 ;
1684 1253 1802 1315 sed
1824 1253 2053 1316 nescio
2072 1272 2156 1316 an
2178 1254 2307 1316 hoc
2338 1253 2529 1336 quic-

330 1367 536 1429 quam
584 1348 1044 1415 admirabilius
1089 1353 1470 1434 contigerit,
1498 1353 1683 1437 quod
1730 1352 2175 1446 magnitudine
2204 1353 2526 1430 beneficii,

330 1450 437 1512 sui
469 1451 786 1516 oblivisci
816 1451 1078 1535 Syllam
1109 1448 1444 1534 coegit.⁴¹‘

414 1551 526 1614 10.
572 1551 677 1617 Sit
705 1553 953 1636 aliq-uis
983 1555 1052 1617 in
1083 1573 1346 1619 summo
1365 1555 1723 1641 splendore
1748 1558 1949 1622 etiam
1972 1557 2281 1622 sordibus
2293 1563 2352 1605 4²
2382 1576 2531 1637 gra-

329 1652 416 1716 tis
466 1653 686 1718 locus·
777 1655 876 1720 M.
917 1655 1256 1720 Cornutop
1299 1664 1587 1738 praetore
1631 1658 1831 1722 funus
1883 1659 2097 1722 Hirtii
2142 1666 2213 1722 et
2242 1658 2527 1722 Pansae‘¹

316 1751 518 1834 jussu
576 1762 851 1821 senatus
911 1758 1198 1836 locante,
1259 1762 1376 1842 qui
1433 1768 1597 1824 tunc
1658 1759 2017 1824 Libitinam
2038 1768 2059 1795 ‘
2102 1761 2525 1836 exercebant,

329 1874 486 1920 cum
502 1863 558 1905 4³
605 1877 818 1924 rerum
848 1879 1118 1924 suarum
1147 1880 1370 1938 usum,
1401 1869 1542 1926 tum
1571 1862 2009 1926 ministerium
2056 1881 2253 1926 suum
2280 1861 2529 1943 gratui-

330 2157 452 2201 sunt
473 2151 627 2216 Pigh.
651 2153 822 2203 Coler.
856 2154 1012 2218 Thys.
1048 2161 1102 2203 et
1124 2154 1450 2217 Deum—so
1485 2154 1638 2204 Hanc
1652 2168 1830 2205 vocem
1852 2153 2125 2204 Torrenius
2150 2153 2387 2202 restituit
2406 2167 2526 2202 auc-

328 2217 547 2266 toritate
569 2217 814 2267 librorum
836 2221 1148 2281 scriptorum
1187 2226 1243 2267 et
1278 2218 1555 2280 editorum,
1598 2234 1715 2268 cum
1736 2219 1949 2282 Pighius
1971 2232 2083 2267 enm
2104 2219 2529 2282 expunxisset.—

329 2285 393 2330 40
428 2287 442 2309 ‘
459 2282 550 2330 Sic
573 2297 640 2330 ex
659 2283 854 2332 Canch.
877 2289 934 2332 et
956 2283 1162 2333 Winck.
1184 2283 1348 2332 edidit
1369 2283 1607 2346 Pighius,
1629 2297 1783 2348 quem
1800 2291 1857 2333 et
1878 2284 1965 2333 alii
1988 2284 2157 2332 secuti
2178 2287 2319 2343 sunt,
2335 2295 2449 2332 cnm
2474 2288 2531 2330 et

331 2345 464 2393 editi
482 2353 538 2395 et
560 2346 746 2408 scripti
768 2347 1026 2397 habeant:
1063 2348 1253 2412 privato
1275 2347 1497 2410 Pompeio
1508 2360 1527 2404 ,⁸
1563 2349 1709 2396 Leid.
1748 2353 1797 2396 5.
1826 2349 2013 2411 priuato
2034 2354 2081 2396 et
2103 2348 2332 2410 Pompeio
2350 2351 2491 2408 capnt
2509 2362 2529 2403 ,-

324 2409 544 2473 Pighius
568 2426 694 2460 vero
715 2417 764 2462 ct
787 2421 910 2462 ente
931 2417 1074 2475 capnt
1095 2411 1370 2475 expunxitz
1435 2413 1554 2461 Vet.
1594 2412 1649 2460 in
1666 2412 1855 2475 privato
1872 2418 1920 2461 et
1945 2413 2006 2461 P.
2030 2418 2077 2460 et
2099 2417 2259 2474 capnt·
2316 2410 2525 2460 Deinde

331 2474 434 2523 dno
475 2477 698 2527 Torren.
738 2479 853 2526 sella
871 2478 1233 2529 surrexit—41
1273 2477 1420 2526 Leid.
1457 2480 1502 2527 1.
1536 2478 1613 2525 sui
1642 2482 1789 2526 semet
1822 2477 2006 2541 Syllum
2033 2476 2249 2529 oblivisci
2288 2476 2532 2537 coegit.-

325 2543 392 2587 42
427 2540 612 2603 Camp.
648 2549 702 2590 et
741 2542 924 2592 Colon.
960 2542 1180 2603 sordidis,
1213 2542 1350 2607 quod
1390 2542 1623 2603 reposuit
1666 2542 1904 2604 Pighius,
1944 2556 2166 2605 eumque
2198 2548 2409 2589 secutus
2446 2545 2530 2587 est

325 2604 522 2665 Delph.
561 2606 779 2655 sordidus
822 2605 1056 2655 nonnulli
1099 2605 1248 2656 codd.
1288 2606 1512 2654 Tor-ren.
1548 2605 1635 2654 alii
1667 2606 1782 2655 cod.
1821 2613 1877 2655 et
1915 2606 2035 2656 edd.
2074 2605 2291 2654 sordibus
2320 2604 2531 2652 habent.

325 2666 517 2730 Ultraj.
557 2674 604 2719 1.
630 2670 952 2731 gratitudinis
975 2671 1244 2719 leena—43
1280 2669 1448 2719 Codd.
1487 2668 1598 2718 fere
1618 2684 1797 2720 omnes
1820 2678 1873 2719 et
1894 2670 2014 2719 edd.
2036 2670 2289 2732 Pighinnn
2308 2667 2528 2731 antiqni-

326 2745 448 2780 ores
490 2737 612 2783 tum.
671 2735 799 2801 Mox
843 2734 1289 2797 vulgg.gratuieo.·
1346 2733 1440 2783 sed
1485 2732 1641 2784 codd.
1688 2740 1744 2783 et
1785 2733 1906 2784 edd.
1950 2739 2083 2783 vett.
2135 2732 2425 2795 gratuitum,
2472 2735 2534 2779 ut

1323 2892 1536 2944 NOTAE

394 3032 420 3083 ᾳ
453 3022 556 3072 An.
578 3023 656 3071 Μ.
684 3025 832 3071 3953.
901 3022 988 3073 01.
1015 3026 1128 3071 169.
1151 3027 1199 3073 4.
1257 3021 1388 3072 Urb.

329 3100 389 3149 C.
409 3103 528 3150 652.
584 3097 714 3149 Ant.
739 3099 833 3148 Ch.
860 3103 973 3149 100.

389 3183 416 3207 ⁰
450 3176 686 3225 Emer-citu
697 3175 917 3240 patemo]
955 3177 1238 3240 Postquam
1255 3176 1393 3226 enim

330 3252 428 3301 Cn.
455 3252 739 3315 Pompeius
763 3252 951 3301 Strabo
990 3252 1128 3300 illius
1151 3258 1306 3315 pater
1325 3251 1393 3299 de

331 3330 467 3377 coelo
496 3335 669 3378 tactus
717 3328 894 3391 periit,
931 3329 1046 3391 ipse
1083 3328 1242 3377 etism
1282 3332 1394 3376 tum

331 3405 609 3453 admodum
644 3404 852 3467 juvenis
904 3419 1020 3454 cum
1059 3404 1222 3455 tribus
1268 3404 1393 3467 legi-

329 3479 516 3529 onibus
538 3480 700 3542 Syllae
722 3485 898 3542 partes
917 3485 1130 3527 secutus
1158 3483 1254 3527 est.
1307 3479 1394 3527 De

325 3555 466 3603 illins
521 3555 756 3605 victoriis
809 3554 1020 3605 consule
1051 3553 1142 3603 lib.
1187 3567 1226 3601 1.
1257 3568 1304 3603 c.
1341 3558 1391 3603 6.

331 3646 386 3682 n.
411 3635 491 3682 12.

395 3708 428 3738 ⁴¹*
447 3708 554 3757 An.
576 3709 655 3760 Μ.
675 3712 821 3757 3975.
858 3706 947 3756 01.
968 3711 1076 3757 175.
1094 3710 1144 3755 2.
1175 3706 1306 3757 vrb.
1329 3706 1390 3757 C.

329 3789 446 3835 675.
483 3782 610 3832 Ant.
637 3784 732 3835 ch.
755 3788 840 3833 77.

393 3870 422 3904 9
456 3864 531 3912 M.
553 3861 785 3923 Cornuto]
819 3862 902 3910 Ex
927 3875 1032 3925 qua
1051 3860 1246 3910 familia
1267 3861 1393 3911 Cor·

326 3944 486 3988 nutus
504 3938 595 3987 ilie
618 3936 798 3998 fuerit,
833 3936 1090 3985 incertum
1125 3943 1238 3985 este
1275 3936 1390 3984 Cae-

328 4016 468 4065 ciliis
489 4014 626 4065 enim
665 4019 722 4061 et
760 4011 988 4061 Aureliis
1018 4011 1072 4061 id
1107 4024 1395 4074 cognomen

329 4090 596 4141 tribuitur.
661 4088 786 4150 Ipse
825 4086 1032 4137 Praetor
1071 4100 1166 4149 pro
1198 4086 1395 4133 Senatu

325 4172 514 4217 contra
557 4162 844 4213 Antonium
887 4174 1084 4209 munus
1113 4158 1394 4209 consulare

328 4242 522 4307 gessit3
551 4247 607 4289 et
629 4238 736 4289 suis
760 4236 1004 4287 militibus
1027 4236 1090 4285 ad
1113 4232 1393 4285 Octavium

1473 3021 1703 3085 dilapsis,
1723 3020 1819 3070 sibi
1844 3036 2021 3071 manus
2040 3021 2233 3071 intulit.

1537 3104 1562 3138 ‘¹
1598 3098 1762 3147 Funus
1785 3096 1949 3146 Hirtii
1981 3102 2029 3145 et
2068 3096 2259 3159 Pam]
2289 3092 2373 3144 Ad
2412 3092 2530 3141 Mu-

1474 3173 1637 3223 tinam
1658 3181 1883 3237 nterque
1905 3172 2113 3222 cecidit.
2178 3170 2263 3221 Ad
2299 3169 2532 3220 Hirtium

1475 3256 1532 3299 et
1565 3248 1846 3299 Octavium
1888 3249 2063 3298 Pansa
2108 3247 2374 3308 veniebat,
2413 3258 2532 3294 cnm

1475 3325 1791 3375 Praetorisni
1815 3323 2030 3374 Antonii
2064 3324 2255 3372 milites
2278 3321 2420 3370 illum
2437 3325 2530 3384 tg-

1476 3399 1817 3464 grediuntur3
1851 3398 2033 3463 ingens
2072 3400 2334 3462 utrimque
2366 3396 2532 3446 oritur

1475 3492 1666 3541 pugna,
1687 3476 1740 3524 in
1779 3490 1880 3539 qus
1900 3476 2067 3524 Pensa
2106 3481 2288 3524 veruto
2323 3486 2418 3537 per
2444 3473 2535 3522 ilia

1476 3550 1753 3601 transfixus
1780 3550 2026 3601 Bononioe
2064 3550 2216 3613 paulo
2248 3555 2367 3611 post
2385 3547 2535 3597 obiit.

1474 3626 1669 3677 Paucis
1688 3624 1977 3688 interiectis
1998 3625 2180 3674 diebus
2204 3623 2409 3673 Hirtius
2424 3620 2534 3669 An·

1475 3703 1672 3754 tonium
1711 3702 1777 3751 ad
1820 3716 2041 3765 pugnam
2075 3701 2273 3760 sllicit3
2316 3699 2532 3761 jamque

1475 3780 1651 3829 victor
1672 3778 1725 3827 in
1748 3776 1883 3825 illius
1918 3783 2091 3825 castra
2113 3776 2395 3836 irruperat,
2415 3786 2533 3820 cum

1477 3856 1617 3907 circa
1670 3851 1982 3905 Pretorium
2032 3850 2239 3900 fortiter
2284 3846 2531 3896 dimicans

1475 3930 1739 3982 occubuit.
2070 3986 2075 3991 .

1536 4014 1557 4039 ¹·
1588 4002 1879 4065 Libitinam]
1912 3999 2069 4053 Quod
2109 4000 2162 4047 in
2201 3998 2395 4061 templo
2426 3998 2535 4049 Ve.

1473 4083 1611 4130 neris
1633 4080 1872 4129 Libitinae
1889 4076 2239 4125 venderentur
2256 4089 2447 4139 eaquae
2466 4077 2533 4126 ad

1471 4156 1657 4206 funera
1694 4154 1995 4216 pertinent:
2029 4150 2146 4200 ideo
2182 4151 2219 4201 ii
2257 4152 2347 4217 qui
2383 4167 2531 4203 cura.

1471 4233 1601 4282 bant
1623 4230 1824 4291 funera,
1846 4226 2135 4277 Libitinarii
2158 4226 2286 4277 dicti
2308 4235 2447 4276 sunt.

3104 4549 3116 4624 pun—n-
3106 4470 3116 4540 --ur-v
3106 4409 3113 4460 -—
3108 4345 3116 4381 -
3111 4297 3113 4309 ..
