3144 4925
524 397 656 462 492
1101 411 1414 461 νΑιΕηιι
1461 409 1760 462 ΜΑΧιΜι
1812 411 1953 463 mn.
1991 411 2090 459 tv,

529 555 706 620 cium
739 557 841 616 est
871 571 1072 636 supra
1101 554 1271 618 vires
1299 555 1446 630 niti,
1470 553 1669 636 quam
1694 554 1947 618 viribus
1974 571 2062 616 ex
2090 551 2279 616 facili
2308 553 2449 617 uti}
2537 553 2720 618 Alter

527 654 700 718 enim
729 653 912 734 quod
941 658 1188 735 potest,
1210 659 1527 736 praestat:
1576 655 1745 717 alter
1777 652 1981 717 etiam
2005 654 2159 736 plus
2187 671 2388 735 quam
2420 652 2695 736 potest?

617 755 682 818 2.
728 754 1016 837 Itaque⁹
1056 755 1351 838 ejusdem
1395 754 1713 836 temporis
1756 754 2035 818 foemina
2074 753 2268 818 Busa
2314 755 2597 830 nomine,
2623 773 2725 818 re-

532 856 750 938 gionis
793 864 1016 920 autem
1044 853 1330 938 Apuliae'
1354 855 1709 930 ditissima,
1738 853 1979 918 merito
2016 853 2277 936 quidem
2306 851 2725 918 liberalitatis

531 955 983 1021 testimonium
1027 956 1395 1039 receperit:
1454 955 1575 1019 sed
1614 955 2119 1019 excellentes¹⁰
2160 974 2329 1036 opes
2384 973 2547 1019 suas
2598 956 2728 1020 Fa-

532 1055 750 1120 bianis
779 1055 874 1119 rei
902 1055 1252 1120 familiaris
1284 1055 1611 1138 angustiis
1634 1075 1770 1118 non
1788 1054 2302 1137 comparaverit.
2392 1053 2572 1118 Nam
2602 1055 2730 1120 etsi

536 1157 718 1220 circa
765 1157 993 1221 decem
1045 1158 1255 1222 millia
1274 1165 1320 1196 ¹¹
1367 1156 1615 1220 civium
1659 1162 2058 1232 nostrorum,
2102 1151 2466 1218 Cannensis
2510 1155 2733 1237 praelii

535 1257 880 1341 reliquias,
923 1259 1388 1340 benignissime
1431 1256 1603 1320 intra
1658 1254 2000 1320 Canusina
2046 1256 2295 1319 moenia
2314 1251 2342 1290 ι’
2394 1255 2732 1320 alimentis

542 1361 991 1440 sustentavit,⁰
1021 1361 1210 1423 salvo
1256 1366 1483 1422 tamen
1525 1362 1707 1422 statu
1752 1355 2160 1420 fortunarum
2208 1375 2493 1432 suarum,
2520 1357 2735 1419 muni-

542 1457 742 1524 ficam
773 1480 848 1524 se
898 1460 1160 1543 populo
1220 1458 1527 1522 Romano
1564 1455 1932 1540 praestitit:²
2018 1456 2267 1520 Fabius
2310 1457 2379 1519 in
2416 1457 2735 1521 honorem

545 1562 802 1642 patriae,
834 1565 1300 1645 paupertatem
1327 1560 1562 1642 inopia
1589 1558 1923 1623 mutavit!
2668 1605 2673 1618 ,

630 1660 694 1724 3.
738 1661 822 1725 In
850 1661 942 1739 Q.'
971 1681 1239 1745 quoque
1273 1660 1596 1725 Considio
1638 1657 2047 1740 saluberrimi
2087 1658 2405 1740 exempli,
2433 1675 2556 1723 nec
2590 1659 2735 1722 sine

545 1776 758 1846 parvo
779 1763 1006 1845 'ipsius
1053 1762 1292 1840 fructu,
1321 1761 1697 1826 liberalitas
1730 1766 2061 1823 annotata
2090 1765 2231 1822 est:
2277 1759 2395 1842 qui
2426 1759 2736 1823 Catilinae

543 1863 764 1926 furore
815 1864 916 1927 ita
945 1870 1368 1927 consternata
1403 1857 1810 1943 republica,‘¹
1837 1863 1909 1923 ut
1937 1879 2019 1923 ne
2048 1879 2091 1924 a
2116 1860 2569 1943 locupletibus
2592 1861 2739 1943 qui-

549 1963 698 2026 dem
730 1962 976 2027 debitae
1001 1963 1337 2044 pecuniae,
1368 1968 1643 2044 propter
1682 1960 2058 2039 tumultum,
2092 1961 2328 2044 pretiis
2370 1961 2743 2044 possessio·

552 2082 710 2126 num
737 2062 1096 2140 diminutis,
1130 2064 1298 2127 solvi
1331 2063 1773 2126 creditoribus
1802 2067 2108 2144 possent;
2155 2081 2310 2125 cum
2353 2062 2741 2128 centiesat-

551 2183 686 2246 que
716 2164 1160 2245 quinquagies
1193 2163 1347 2228 H-S
1383 2183 1711 2228 summam
1738 2164 1805 2226 in
1831 2164 2085 2228 foenore
2098 2164 2393 2240 haberet,
2420 2183 2635 2246 neque
2662 2163 2745 2226 de

554 2272 734 2328 sorte
751 2273 774 2300 ⁶
818 2282 1196 2346 quenquam
1242 2257 1611 2330 debitorum
1672 2283 1965 2340 suorum,
2018 2283 2237 2348 neque
2294 2266 2380 2329 de
2438 2283 2650 2328 usura
2700 2282 2745 2326 a

620 2471 641 2496 θ
674 2464 750 2511 Eo
769 2461 954 2525 quidem
974 2464 1148 2523 maiore
1169 2480 1272 2513 cum
1292 2466 1450 2526 laude,
1479 2480 1568 2529 quo
1599 2464 1695 2514 niti
1717 2478 1863 2527 supra
1891 2465 2019 2515 vires
2048 2465 2226 2515 certius
2258 2470 2331 2515 est
2364 2466 2554 2527 signum
2584 2478 2750 2527 pronoe

554 2528 831 2586 uoluntatis,
852 2542 990 2604 quam
1007 2529 1112 2577 sine
1133 2529 1228 2576 ullo
1252 2528 1409 2577 labore
1429 2530 1504 2577 uti
1523 2528 1625 2577 suis
1646 2529 1844 2577 viribus.

621 2590 650 2625 ὃ
681 2592 901 2649 Proebuzr
913 2606 965 2639 se
984 2591 1269 2655 munificam,
1292 2607 1383 2641 non
1403 2593 1591 2641 amissis
1608 2597 1767 2641 tamen
1788 2591 1889 2641 suis
1907 2592 2109 2641 divinis.

624 2662 644 2687 ⁸
676 2654 854 2703 Fabius
871 2669 979 2703 uero
997 2670 1084 2721 pro
1101 2656 1260 2717 gloria
1286 2656 1461 2719 patria
1481 2671 1544 2705 ex
1575 2670 1777 2723 paupere
1796 2656 1933 2719 inops
1959 2656 2125 2717 factus
2144 2661 2231 2708 est.

1477 2782 1502 2801 0
1509 2781 1747 2801 beenon
1752 2780 1840 2801 000

560 2866 668 2927 plus
681 2864 826 2913 etiam
840 2878 978 2928 quam
997 2868 1272 2927 potest—9
1292 2865 1308 2893 ‘
1327 2864 1446 2915 Hoc
1462 2865 1754 2928 exemplum
1777 2864 1972 2914 rectius
1992 2878 2111 2914 cum
2130 2864 2396 2925 superiore
2416 2862 2752 2927 conjunctum

565 2936 720 2991 esset,
746 2935 803 2978 ut
825 2930 909 2978 vel
931 2943 998 2977 ex
1021 2928 1124 2977 fine
1146 2928 1282 2977 illius
1306 2939 1525 2993 apparet
1544 2945 1559 2989 ς
1596 2929 1733 2993 quod
1754 2930 1910 2977 etiam
1934 2929 2237 2977 Perizonius
2254 2929 2520 2993 eleganter
2538 2928 2759 2991 probat!

565 2994 860 3055 Kapp.—10
893 2993 978 3042 Ita
997 2993 1144 3055 longe
1165 2994 1332 3056 major
1353 3002 1409 3042 et
1434 2994 1610 3056 potior
1632 3008 1750 3055 pars
1776 2994 1905 3041 Mss.
1944 2993 2089 3055 Mog.
2124 2997 2178 3041 et
2200 2994 2321 3041 Vet.
2386 2989 2513 3051 Alii,
2543 2992 2751 3055 recepit:

565 3057 648 3104 sed
667 3056 712 3104 si
732 3058 1152 3107 excellentem—ll
1186 3057 1343 3106 Multi
1365 3058 1496 3105 Mes.
1519 3071 1621 3106 non
1644 3057 1836 3105 babent
1855 3057 2029 3119 millia,
2070 3056 2223 3119 quod,
2252 3071 2344 3119 per
2380 3072 2428 3103 m
2464 3056 2755 3119 designata,

563 3118 720 3167 facile
743 3126 957 3184 propter
983 3120 1280 3180 precedens
1297 3120 1583 3170 exciderat.
1649 3120 1747 3168 Ed.
1770 3120 1891 3169 Vet.
1928 3134 2042 3168 cura
2074 3122 2233 3169 decem
2266 3119 2441 3168 civium
2472 3126 2757 3183 nostrorum,

567 3196 862 3245 perperam.
929 3184 1065 3232 Nam
1097 3197 1213 3231 cura
1245 3190 1415 3233 ortum
1454 3190 1536 3233 est
1571 3198 1641 3232 ex
1675 3186 1817 3232 circa.
1883 3183 2072 3247 Vulgg.
2111 3183 2351 3248 quaedam
2390 3184 2513 3245 edd.
2546 3184 2674 3233 inter
2696 3185 2761 3233 C.

1564 3314 1779 3365 NOTAE

641 3406 670 3436 '⁵
703 3406 804 3457 An.
831 3408 909 3457 M.
932 3412 1081 3457 383⁷.
1136 3405 1224 3457 01.
1258 3413 1370 3459 140.
1391 3414 1438 3459 4.
1497 3411 1629 3462 Urb.

576 3484 638 3533 C.
657 3487 770 3532 536.
823 3482 949 3531 Ant.
968 3484 1065 3533 Ch.
1085 3488 1202 3534 216.

637 3556 662 3591 ὓ
697 3558 939 3607 Canusina
955 3558 1150 3621 moenia]
1185 3560 1465 3609 Canusium
1488 3559 1631 3623 Apu·

576 3634 661 3682 11ae
705 3634 956 3697 oppidum
1000 3633 1066 3683 ad
1119 3632 1310 3685 flumen
1371 3634 1631 3687 Aufidum.

577 3708 750 3758 Hodie
777 3712 1002 3759 Cononem

643 3792 666 3818 ⁰
695 3785 954 3836 Alimentis
990 3787 1298 3850 sustentauit]
1331 3788 1631 3853 Frumento,

579 3861 747 3925 veste,
779 3869 836 3912 et
873 3862 1060 3911 viatico
1094 3862 1266 3925 juvit:
1309 3876 1467 3926 quare
1511 3874 1633 3910 con-

579 3936 723 3987 fecto
744 3937 882 3988 bello
904 3937 1085 3987 summi
1122 3952 1152 3985 a
1179 3936 1375 3987 Senatu
1414 3937 1633 3987 honores

579 4011 655 4059 illi
678 4012 837 4061 delati
855 4020 989 4063 sunt.
1055 4012 1142 4061 Ita
1157 4012 1374 4064 Plinius.

644 4089 670 4136 >t
704 4084 803 4135 An.
825 4088 903 4135 M.
927 4092 1071 4138 38³8.
1140 4088 1228 4139 01.
1251 4090 1364 4139 141.
1390 4093 1438 4138 1.
1501 4088 1635 4140 Urb.

585 4162 646 4209 C.
669 4165 785 4211 537.
835 4160 961 4211 Ant.
982 4165 1076 4214 ch.
1096 4168 1211 4213 215.

647 4234 672 4269 ἅ
708 4236 1017 4285 Consternata
1063 4238 1322 4301 republica]
1355 4240 1635 4296 Immutata

1710 3410 1870 3462 facies
1902 3411 2045 3461 urbis
2076 3416 2216 3461 erat:
2253 3425 2318 3459 ex
2342 3409 2765 3471 summalaetitia,

1713 3495 1870 3551 atque
1913 3487 2143 3549 lascivia,
2178 3481 2295 3550 qnae
2339 3485 2581 3534 diuturna
2616 3484 2765 3548 quies

1712 3569 2006 3625 pepererat,
2024 3570 2239 3625 repente
2257 3575 2432 3611 omnes
2453 3561 2669 3610 tristitia
2688 3560 2766 3609 in·

1711 3640 1874 3688 vasit:
1896 3638 2161 3697 festinare,
2182 3636 2478 3702 trepidare3
2500 3651 2669 3700 neque
2690 3638 2768 3686 lo·

1712 3728 1795 3775 co,
1816 3728 1985 3777 neque
2022 3714 2209 3763 homini
2244 3714 2482 3777 cuiquam
2505 3713 2632 3761 satis
2655 3726 2767 3761 cre·

1712 3788 1867 3848 dere;
1917 3802 2086 3853 neque
2131 3788 2319 3838 bellum
2360 3802 2560 3851 gerere,
2599 3801 2769 3851 neque

1714 3878 1891 3927 pacem
1910 3864 2104 3914 habere
2124 3881 2139 3926 ς
2163 3879 2253 3914 suo
2273 3863 2489 3927 quisque
2512 3870 2655 3912 metu
2677 3876 2771 3925 pe-

1713 3941 1879 3989 ricula
1898 3942 2086 3990 metiri.
2152 3940 2239 3990 Ita
2259 3939 2544 3989 Sallustius.

1778 4022 1801 4049 θ
1823 4018 1901 4066 De
1918 4016 2069 4078 sorte]
2103 4015 2221 4064 Hoc
2242 4021 2346 4078 est,
2375 4015 2441 4065 de
2470 4028 2533 4063 ea
2554 4026 2769 4076 summa,

1714 4106 1865 4156 quam
1904 4092 1955 4141 in
1998 4090 2167 4140 foenus
2192 4090 2434 4155 dederat,
2464 4091 2479 4118 ‘
2514 4085 2767 4153 capitale'

1715 4168 1867 4232 vulgo
1890 4173 2091 4217 vocant.
