3144 4925
1110 369 1274 421 osv.
1306 369 1409 422 vr.
1458 373 1553 420 ns
1600 371 1984 423 PERFIDIA.
2507 359 2638 426 859

454 531 588 596 que
644 513 1021 579 rescindere
1064 515 1306 593 voluit,
1355 533 1443 579 ne
1498 515 1818 579 remissus
1867 516 1938 579 in
1988 515 2276 598 patriam
2334 516 2630 583 Bituitus

453 613 701 678 bellum
722 621 1097 681 renovaret.
1184 614 1397 697 Igitur
1423 633 1574 680 eum
1603 613 1848 680 Albam
1877 615 2206 682 custodiae
2229 633 2437 682 causa
2465 620 2630 683 rele-

452 715 663 796 gavit.

530 816 597 882 4.
642 812 933 880 Viriathi
954 813 1154 878 etiam
1186 812 1411 892 caedes
1438 813 1772 897 duplicem
1797 816 2096 898 perfidias
2125 819 2628 886 accusationem

444 916 741 1000 recepit:
785 915 857 978 in
887 909 1179 992 amicis,f
1211 913 1391 997 quod
1420 933 1650 980 eorum
1689 915 2002 980 manibus
2047 918 2432 986 interemtus
2479 928 2625 985 est:

442 1015 517 1082 in
548 1016 637 1097 Q.
668 1015 953 1082 Servilio
982 1014 1297 1098 Caepioue
1326 1015 1630 1093 consule,
1651 1014 1815 1098 quia
1844 1016 1908 1079 is
1931 1017 2212 1082 sceleris
2233 1019 2434 1102 hujus
2463 1038 2626 1086 auc-

444 1121 576 1194 tor,
610 1115 1009 1198 impunitate
1046 1113 1407 1198 promissa,
1449 1114 1617 1180 suit:
1660 1115 2146 1201 victoriamque
2187 1137 2324 1184 non
2366 1121 2624 1198 meruit,

446 1214 565 1280 sed
594 1216 801 1281 emit.⁸

1339 1365 1728 1415 EXTERNA.

524 1484 588 1546 1.
633 1479 883 1547 Verum
909 1486 987 1547 ut
1013 1482 1235 1564 ipsum
1260 1482 1505 1546 fontem
1531 1483 1839 1566 perfidiae
1880 1485 2424 1569 contemplemur,
2457 1483 2620 1551 Car-

436 1582 879 1664 thagiuienses
935 1581 1369 1665 Xantippum
1421 1581 2026 1663 Lacedaemonium,
2100 1585 2294 1668 cnjus
2364 1586 2619 1668 optima

436 1701 645 1766 opera
667 1684 881 1767 primo
913 1682 1171 1747 Punico
1200 1684 1381 1748 bello
1412 1684 1520 1748 usi
1549 1684 1836 1762 fuerant,
1867 1688 1932 1748 et
1960 1703 2094 1767 quo
2113 1684 2392 1766 juvante
2421 1683 2620 1750 Atili-

431 1801 545 1846 um
577 1773 921 1864 Regulum'
940 1790 1275 1866 ceperant,
1298 1785 1688 1850 simulantes
1710 1803 1858 1848 sese
1885 1782 2153 1848 domum
2180 1783 2520 1861 revehere,
2547 1785 2616 1848 in

432 1882 571 1947 alto
588 1881 617 1924 ⁶
657 1882 1067 1950 merserunt.¹¹
1084 1881 1115 1912 ⁴
1200 1883 1389 1962 Quid
1438 1891 1624 1949 tanto
1669 1885 1964 1949 facinore
2003 1889 2306 1966 petentes
2322 1886 2364 1948 Ἰ·
2398 1902 2484 1948 an
2525 1903 2612 1948 ne

432 1981 737 2050 vietoriae
772 2002 999 2047 eorum
1027 1984 1257 2050 socius
1284 1989 1662 2066 superesset
1679 1986 1710 2048 ‘1
1797 1983 2009 2049 Extat
2046 1982 2496 2061 nihilominus,
2545 1991 2614 2048 et

432 2081 701 2162 quidem
732 2102 881 2146 cum
909 2083 1170 2148 illorum
1199 2084 1602 2166 opprobri03
1645 2102 1845 2167 quem
1877 2085 2020 2148 sine
2054 2084 2192 2148 ulla
2217 2084 2446 2165 gloriae
2459 2082 2611 2166 jac-

430 2184 581 2244 tura
611 2181 1003 2248 inviolatum
1029 2182 1472 2266 reliquissent.

506 2280 575 2346 2.
620 2283 965 2348 Hannibal
1013 2301 1211 2366 porro
1261 2281 1668 2359 NucerinoS,
1703 2283 1974 2347 hortatu
2005 2279 2165 2347 suo¹
2206 2302 2363 2346 cum
2391 2283 2607 2348 binis⁷

422 2381 843 2452 vestimentis
872 2383 1105 2446 urbem
1150 2381 1780 2464 inexpugnabilibus
1823 2382 2028 2446 muris
2069 2383 2356 2447 cinctam
2385 2401 2606 2466 egres-

1332 2540 1690 2561 mmm

417 2646 554 2681 enan
572 2638 622 2683 ct
640 2632 707 2684 A.
723 2638 928 2696 gentem.
930 2638 1027 2683 -6
1048 2632 1231 2683 Atreb.
1248 2632 1453 2683 Winck.
1476 2638 1532 2682 et
1552 2631 1700 2681 Leid.
1718 2636 1770 2681 4.
1801 2632 1854 2681 in
1872 2632 2124 2682 woman.
2163 2632 2412 2683 Nonnulli
2443 2634 2601 2685 codd.

415 2694 631 2747 Tol-ren.
661 2697 714 2746 in
732 2700 913 2755 altum
944 2696 1039 2746 sed
1072 2696 1229 2747 iidem
1256 2696 1371 2748 fere
1406 2696 1630 2745 merant
1665 2696 1875 2754 liabent,
1895 2694 2172 2745 manifesto
2194 2709 2387 2747 errore.
2453 2696 2604 2747 Unus

419 2758 625 2811 Donec.
656 2762 843 2811 domm
860 2760 1042 2821 referre
1070 2762 1123 2810 in
1153 2762 1251 2811 alto
1253 2764 1366 2811 .-7
1399 2760 1606 2823 Lipsius
1629 2758 1767 2822 conj.
1785 2760 1973 2823 pride,-
2011 2758 2251 2810 Perizon.
2281 2760 2408 2810 unis.
2473 2761 2603 2811 Mox

1402 2904 1618 2956 NOTAE

479 3018 576 3074 ‘'In
594 3024 780 3089 meis]
825 3026 893 3077 Q.
928 3026 1171 3075 Servilius
1208 3025 1389 3089 Coepio
1410 3024 1465 3075 in
1544 3025 1670 3075 sius.
1736 3022 1865 3073 Cum
1897 3022 2044 3073 navis
2073 3022 2312 3072 rimarum
2346 3021 2500 3087 plena
2523 3023 2600 3074 illi

408 3098 614 3153 duobus
651 3100 922 3163 peccavit3
970 3098 1107 3166 qnod
1142 3105 1201 3150 et
1234 3114 1415 3164 pacem
1434 3115 1465 3150 a
1544 3098 1672 3149 data
1702 3104 1856 3159 esset,
1887 3097 2040 3147 aliam
2073 3095 2394 3157 conscendit,
2412 3098 2598 3147 evasit·

408 3172 569 3225 fian-e
592 3174 755 3225 Fabio
774 3176 1057 3225 Sei-viliano
1091 3174 1283 3225 factam
1305 3175 1463 3225 viola·
1541 3188 1644 3238 que
1659 3171 1962 3232 incolumia
2013 3172 2088 3223 sic
2117 3171 2400 3235 Appianas.
2462 3172 2598 3223 Vec-

314 3292 319 3297 .
407 3251 508 3314 vit,
530 3258 585 3300 et
604 3250 887 3315 Audacem,
900 3252 1127 3316 aliosque
1143 3249 1323 3313 duces,
1337 3264 1464 3314 quos
1540 3256 1684 3299 tores
1712 3246 1844 3310 jussi
1881 3251 2001 3296 sunt
2028 3246 2081 3295 in
2111 3246 2317 3295 deserta
2353 3246 2517 3297 insula
2536 3246 2598 3295 il·

409 3324 637 3375 Viriatus
662 3324 728 3374 ad
768 3324 934 3388 ipsum
970 3324 1255 3375 identidem
1286 3324 1459 3374 mitte·
1539 3324 1644 3373 lum
1664 3334 1949 3385 exponen-eg
1982 3320 2055 3369 ita
2071 3319 2330 3370 Zonarasz
2363 3320 2598 3370 nonnulli

407 3398 521 3462 bat,
541 3400 807 3463 corrupit:
853 3399 922 3448 ab
952 3400 1015 3449 iis
1050 3399 1188 3449 enim
1228 3398 1461 3449 Viriatus
1542 3398 1859 3447 submersum
1883 3393 2080 3444 volunt.

404 3480 566 3525 noctu
586 3476 784 3537 sopitus
807 3474 1076 3524 confossus
1094 3483 1195 3526 est.
1422 3496 1431 3505 ·
1598 3470 1615 3507 ¹
1643 3470 1904 3520 Nuce-ino·
1923 3468 2115 3517 mats
2134 3466 2242 3530 suo]
2299 3467 2379 3517 De
2417 3467 2592 3519 Nuce-

471 3556 498 3593 s
517 3549 677 3613 M]
711 3550 1109 3599 Parnasson-ibn·
1126 3551 1315 3600 nullam
1340 3564 1457 3615 gra-
1536 3544 1663 3595 riuis
1685 3552 1741 3595 et
1771 3542 2072 3605 Acerranis,
2091 3556 2208 3607 quae
2228 3539 2334 3590 duo
2373 3540 2596 3605 Campa·

312 3602 322 3609 ¹
408 3622 533 3674 tium
580 3623 780 3686 retulit,
820 3636 937 3673 cum
976 3624 1209 3674 diceret.
1265 3626 1457 3673 ‘·Nnn
1532 3622 1638 3671 niae
1661 3617 1874 3683 oppida,
1893 3630 1996 3667 non
2015 3616 2274 3666 consentit
2295 3613 2504 3665 Valerio
2525 3617 2588 3666 Τ.

406 3709 559 3763 quam
593 3698 851 3762 placuisse
884 3696 1133 3747 Romanis
1170 3698 1457 3763 Imperato-
1535 3695 1744 3745 Livius:
1798 3693 1913 3741 vult
1948 3691 2082 3740 enim
2104 3689 2220 3738 illos
2244 3686 2312 3737 ad
2349 3690 2592 3753 hospitia,

404 3785 515 3823 rem
558 3786 590 3822 a
626 3772 733 3822 suis
764 3772 992 3823 interfici
1026 3772 1290 3825 militibus.
1290 3771 1307 3795 '
1369 3772 1457 3823 Ita
1536 3769 1828 3831 amicusque
1851 3764 2150 3827 Campania
2189 3763 2342 3814 urbes
2373 3778 2432 3813 se
2464 3778 2586 3814 con-

396 3846 703 3911 Eutropius.
1533 3846 1748 3905 tulisse;
1775 3843 1868 3892 hos
1892 3843 2129 3902 vero‘per
2153 3839 2446 3889 intermissa
2476 3855 2590 3891 mu-

466 3918 492 3951 ¹¹
510 3919 573 3969 In
603 3920 702 3977 alto
732 3921 1015 3985 merserunt]
1067 3920 1189 3970 Alia
1215 3928 1297 3970 est
1328 3921 1455 3971 alio-
1532 3922 1781 3979 nimenta,
1824 3916 2193 3978 neglectasque
2223 3914 2486 3964 custodias
2518 3914 2585 3964 si-

399 4008 513 4042 rum
555 3993 623 4045 de
652 3996 921 4060 xantippo
960 3995 1250 4047 sententia·
1300 3998 1454 4059 panio
1531 3995 1692 4044 lentio
1727 3990 1896 4041 noctis
1914 3988 2138 4051 dilapsos
2163 4001 2256 4050 per
2277 3988 2400 4049 vias,
2419 3989 2585 4040 invia·

298 4104 303 4109 .
402 4076 523 4130 post
542 4068 831 4134 victoriam,
866 4072 1169 4137 popularem
1206 4069 1453 4120 invidiam
1532 4081 1652 4133 que,
1673 4080 1772 4131 qna
1791 4074 2045 4127 quemque
2067 4066 2158 4109 aut
2187 4060 2584 4123 consummant

398 4142 613 4210 veritus,
632 4144 684 4195 in
707 4146 964 4198 Graeciam
980 4146 1155 4198 rediit.
1217 4147 1303 4197 Ita
1320 4145 1453 4197 Oro·
1531 4152 1702 4196 terror
1719 4139 1858 4203 tulit,
1867 4133 2182 4208 perfugisse.
2199 4135 2290 4186 lib.
2311 4148 2482 4188 xxm.
