3144 4925
525 331 656 396 602
1129 346 1448 395 vnnsnu
1497 345 1789 394 maxim
1836 344 1980 394 nm.
2016 345 2113 392 vr.

526 498 860 558 tatarum:
907 491 1112 554 etiam
1131 496 1185 539 ²⁷
1231 489 1316 554 de
1344 496 1461 554 tuo
1489 488 1701 572 priuS,
1731 507 1933 572 quam
1962 485 2046 552 de
2092 485 2359 550 Manilii
2384 486 2613 570 capite
2642 487 2745 550 irr-

527 593 876 658 consilium
910 591 1178 676 judices
1207 588 1509 656 mittam!
1600 591 1712 656 Ita
1738 591 1973 654 eodem
2012 588 2275 672 judicio
2315 588 2487 653 duos
2516 589 2718 652 susti-³

527 696 676 758 nuit
713 701 928 758 reos:
983 695 1420 758 accusatione
1483 693 1861 771 Manilium,
1911 693 2215 757 libertate
2275 690 2717 772 Pompeium‚:

526 799 596 860 et
623 816 855 860 eorum
881 797 1162 861 alterum
1188 798 1334 878 lege
1366 797 1641 878 peregit,
1669 797 1949 860 alterum
1980 790 2414 877 professione,
2436 810 2577 875 qua
2604 809 2719 856 so·-

523 896 664 960 lum
693 897 1005 982 poterat!
1565 899 1568 902 ’

609 1001 674 1062 5.
721 997 904 1075 Quid
936 1017 1090 1079 ergo
1107 999 1138 1061 'l
1183 998 1454 1062 libertas
1484 998 1629 1064 sine
1660 997 1956 1063 Catone'l
1982 994 2035 1036 ²⁸
2079 1015 2215 1061 non
2258 994 2473 1078 magis
2510 1012 2714 1076 quam

529 1097 704 1164 Cato
733 1100 876 1162 sine
902 1099 1227 1164 libertate.
1316 1099 1502 1164 Nam
1529 1118 1682 1164 cum
1714 1100 1780 1162 in
1811 1103 2187 1163 senatorem
2217 1093 2603 1162 nocentemi
2644 1101 2715 1158 et

526 1199 836 1264 infamem
894 1219 1078 1264 reum
1121 1199 1343 1284 judex
1397 1200 1711 1275 sedisset,
1766 1200 2169 1281 tabellaeque
2224 1197 2348 1262 Cn.
2401 1195 2715 1277 Pompeii

525 1301 978 1370 laudationem
1010 1300 1154 1384 ejus
1183 1303 1611 1366 continentes
1634 1303 1923 1386 prolatae
1952 1306 2203 1378 essent,
2233 1299 2477 1383 procul
2506 1297 2711 1362 dubio

529 1403 840 1468 efficaces
869 1403 1110 1468 futurae
1141 1423 1260 1486 pro
1287 1405 1579 1481 noxio,²⁹
1610 1404 1966 1469 summovit
1994 1423 2115 1468 eas
2144 1423 2183 1466 e
2206 1401 2599 1484 quaestione,
2617 1401 2715 1464 le-

526 1519 670 1588 gem
691 1505 1062 1581 recitando,
1094 1525 1235 1588 qua
1261 1514 1540 1570 cautum
1570 1512 1734 1585 erat,
1781 1510 1801 1540 ‘
1824 1526 1907 1570 ne
1936 1505 2355 1570 senatoribus
2376 1503 2493 1566 tali
2522 1502 2747 1566 auxi-.›

525 1608 622 1672 lio
649 1609 744 1672 uti
771 1605 1044 1672 liceret.’
1133 1609 1319 1675 Huic
1349 1609 1531 1674 facto
1580 1628 1871 1692 persona
1920 1607 2417 1672 admirationem
2445 1603 2715 1687 ademit.

527 1707 710 1773 Nam
741 1728 894 1792 quae
923 1711 994 1774 in
1024 1711 1157 1775 alio
1186 1711 1476 1776 audacia
1505 1712 1858 1790 videretur,
1884 1711 1949 1774 in
1982 1709 2239 1774 Catone
2282 1707 2533 1770 fiducia
2557 1723 2714 1801 cog-

525 1811 844 1876 noscitur.

610 1913 678 1974 6.
727 1912 854 1977 Cn.
886 1912 1219 1978 Lentulus
1240 1923 1291 1961 ³0
1337 1913 1775 1980 Marcellinus
1805 1913 2058 1992 consul,
2109 1931 2263 1976 cum
2291 1911 2359 1975 in
2390 1910 2714 1975 concione

526 2011 612 2075 de
645 2013 874 2096 Magni
922 2014 1236 2098 Pompeii
1284 2017 1495 2080 nimia
1539 2013 1871 2100 potentiaj
1918 2023 2315 2098 quereretur,
2364 2031 2717 2077 assensus-

530 2135 662 2198 que
693 2115 755 2179 ei
787 2117 972 2180 clara
997 2137 1166 2182 voce
1201 2118 1554 2183 universus
1605 2118 1907 2205 populus
1952 2121 2174 2183 esset:
2227 2119 2249 2148 ‘
2277 2110 2717 2189 Acclamate,’

588 2307 617 2342 θ
641 2308 708 2360 Et
743 2324 902 2359 eorum
927 2313 1128 2363 alterum
1163 2313 1424 2363 Manilium
1465 2315 1568 2374 lege
1603 2313 1823 2364 damant-i
1851 2311 1978 2374 feeit
1992 2329 2013 2372 ,·
2054 2309 2258 2360 alterum
2299 2325 2409 2360 vero
2441 2306 2717 2372 Pompeium

519 2371 763 2437 professus
783 2381 856 2424 est
870 2391 918 2425 ne
938 2382 1278 2441 accusaturum,
1299 2381 1420 2443 quod
1439 2380 1589 2427 solum
1604 2383 1811 2442 poterat.

525 2604 682 2655 etiam
721 2604 841 2655 Joh.
879 2604 1419 2656 Sarisheriensis.-27
1455 2606 1558 2655 Pro
1596 2606 1739 2656 etiam
1775 2608 1951 2657 Vorst.
1989 2606 2127 2670 conj.
2163 2609 2211 2655 et
2236 2606 2360 2667 jmn,
2391 2600 2718 2667 improbante

523 2670 734 2719 Torren.
767 2669 960 2719 habent
985 2679 1153 2719 tamen
1177 2671 1251 2721 ita
1283 2685 1483 2736 quoque
1509 2670 1704 2733 Ultraj.
1735 2675 1786 2720 2.
1810 2671 1955 2720 Leid.
1978 2678 2028 2722 5.
2052 2677 2103 2722 6.
2128 2672 2301 2721 Perit.
2326 2670 2471 2731 Mog-
2537 2661 2717 2716 Ceteri

527 2742 651 2799 ante
687 2734 946 2796 Pighium,
964 2734 1073 2795 jam
1111 2737 1168 2784 de
1203 2741 1283 2783 tuo
1319 2735 1471 2798 μήπω,
1504 2736 1736 2784 seribere
1770 2737 2077 2785 maluerunt.
2140 2735 2308 2784 Porro
2330 2741 2447 2781 nter
2487 2745 2549 2780 ue
2573 2731 2719 2780 Med.

526 2798 677 2848 Harl.
702 2800 811 2847 Bit.
834 2803 883 2848 2.
921 2799 1065 2848 Leid.
1090 2804 1137 2848 1.
1160 2805 1209 2849 6.
1244 2800 1373 2863 Cop.
1404 2800 1648 2848 eonsilium
1683 2798 1922 2860 judicium
1974 2801 2191 2849 mittam.-
2225 2798 2395 2847 Periz.
2434 2748 2623 2857 δῆτα-ἱ.
2664 2800 2716 2845 2.

525 2862 674 2913 Leid.
695 2868 744 2912 2.
794 2864 940 2926 Mog.
978 2863 1031 2912 in
1065 2864 1309 2912 eonsilium
1323 2865 1571 2925 Judicum:
1604 2864 1739 2912 Ven.
1778 2864 1995 2914 Mediol.
2023 2863 2240 2913 Ascens.
2274 2860 2516 2911 consilium
2534 2858 2720 2920 judicis

525 2926 792 2977 exhibent.
845 2927 965 2979 Joh.
1000 2927 1256 2978 sarisber.
1292 2927 1343 2975 in
1385 2928 1628 2976 consilium
1665 2928 1857 2989 Judices
1896 2929 2237 2977 mittam—28
2270 2928 2359 2976 Sic
2395 2924 2721 2986 interpunxit

525 2990 847 3052 Perizonius,
878 3006 994 3041 cum
1040 3001 1164 3042 ante
1209 2993 1500 3055 legereturz
1560 2994 1693 3047 Quid
1734 3006 1848 3054 ergo
1888 2992 2082 3043 libertas
2116 2992 2218 3043 sine
2258 2988 2471 3039 Catone?
2506 2989 2717 3037 Venett.

529 3056 659 3110 Quid
687 3060 872 3119 poterat
894 3070 1007 3115 ergo
1029 3056 1374 3105 libertam—29
1407 3057 1491 3105 Ita
1512 3055 1679 3105 Aldus
1700 3063 1757 3105 et
1779 3058 2040 3107 Martinus
2065 3056 2283 3118 Herbip.
2306 3056 2599 3103 ediderant.
2644 3051 2721 3100 At

525 3114 742 3181 Pighius
767 3120 1021 3182 expunxit
1056 3134 1144 3181 pro
1177 3120 1321 3169 noxio
1358 3119 1677 3183 scripsitque
1716 3122 1964 3183 protinm;
1998 3120 2135 3183 quod
2160 3121 2210 3169 in
2233 3135 2334 3168 uno
2358 3119 2475 3167 cod.
2508 3130 2717 3179 repere-

524 3190 627 3231 rat.
695 3183 944 3231 Codicum
983 3183 1177 3233 Brund.
1222 3198 1372 3242 unus,
1423 3186 1675 3247 proximo:
1721 3187 1855 3234 alter
1888 3187 2136 3249 proxima,-
2168 3185 2426 3249 quomodo
2466 3189 2521 3231 et
2560 3180 2719 3229 editio

524 3246 961 3309 Chalcocondylae
998 3247 1188 3297 habeta
1239 3261 1326 3309 pro
1357 3248 1518 3311 noxio,
1552 3248 1691 3311 qnod
1734 3250 1999 3299 revocavit
2038 3250 2297 3306 vorstius,
2330 3248 2526 3297 habent
2562 3246 2719 3294 etiam

527 3310 679 3359 Harl.
707 3312 888 3359 Leidd.
929 3315 976 3360 1.
1008 3316 1056 3359 5.
1099 3316 1150 3360 6.
1217 3311 1404 3375 Ultraj.
1443 3316 1491 3361 2.
1527 3319 1585 3361 et
1624 3314 1770 3375 Meg.
1796 3314 2015 3377 proxima
2054 3314 2238 3376 Copes.
2272 3328 2385 3361 cum
2410 3326 2501 3359 sex
2526 3309 2639 3358 aliis
2662 3316 2719 3358 et

525 3375 650 3425 Vet.
671 3376 882 3423 Venett.
906 3380 962 3423 et
983 3375 1198 3423 Mediol.
1220 3379 1403 3425 8.-30
1435 3376 1588 3426 Harl.
1628 3386 1683 3426 et
1716 3376 1884 3427 Βίων.
1906 3383 1956 3427 2.
1991 3391 2287 3440 praenomen
2312 3377 2523 3425 delent:
2559 3373 2717 3422 Bar-b.

524 3442 580 3488 2..
609 3446 662 3487 et
683 3440 866 3502 Copes.
901 3439 1092 3489 habent
1115 3440 1212 3489 Gn.
1230 3440 1356 3489 enim
1375 3440 1628 3503 Lentulus,
1661 3442 1799 3506 quod
1823 3442 2043 3491 mutavit
2080 3442 2319 3506 Pighius,
2350 3437 2716 3495 consentienti-

523 3503 619 3553 bus
644 3504 853 3569 reliquis
875 3504 1090 3553 Torren.
1114 3510 1169 3554 et
1185 3506 1331 3569 Mog.
1357 3543 1363 3551 .
1401 3505 1643 3555 Perizon.
1668 3508 1811 3571 conj.
1832 3507 1992 3569 etiam,
2020 3506 2158 3571 quod
2181 3512 2329 3556 extat
2347 3506 2401 3555 in
2423 3503 2643 3553 Mediol.
2665 3505 2719 3549 3.

1512 3634 1727 3683 NOTAE

585 3727 600 3761 ¹
631 3729 904 3778 Senatorem
919 3729 1180 3793 nocentem]
1214 3731 1289 3779 M.
1311 3730 1582 3792 Scaurum,
1663 3731 1798 3780 renti
1838 3732 2080 3792 Lentulo,
2113 3731 2267 3781 ‘Non
2306 3726 2607 3787 erubescis,'
2646 3727 2722 3777 ait

523 3806 610 3871 qni
633 3807 770 3869 apud
793 3808 1044 3855 Catonem
1065 3814 1174 3855 tum
1195 3807 1482 3856 Praetorem
1500 3820 1581 3854 re·
1662 3805 1963 3871 Pompeius,
1993 3812 2007 3835 ⁸
2025 3823 2057 3857 o
2084 3806 2411 3867 Marcelline,
2430 3805 2499 3853 de
2520 3818 2603 3853 me
2623 3803 2717 3853 mi·

522 3882 868 3945 petundarum
895 3883 1184 3946 postulatus
1215 3889 1315 3944 est,
1352 3888 1412 3930 ut
1449 3881 1581 3929 dixi·
1661 3896 1757 3931 uus
1775 3882 1987 3933 honeste
2020 3882 2177 3947 loqui,
2194 3896 2289 3944 per
2308 3894 2461 3945 quem
2482 3894 2549 3927 ex
2572 3886 2715 3928 muto

521 3971 633 4007 mus
651 3973 823 4019 supra.
1565 4001 1572 4013 ‚
1661 3960 1872 4020 vocalis,
1894 3965 1951 4009 et
1983 3975 2047 4007 ex
2085 3956 2327 4008 famelico
2360 3970 2571 4005 vomens
2606 3954 2715 4003 fac·

583 4028 607 4073 5
633 4033 851 4095 Pompeii
871 4031 1274 4097 uimiapoeentia]
1309 4032 1411 4085 Qui
1423 4032 1577 4095 junc-
1660 4038 1741 4082 tus
1775 4035 1875 4084 es?
1940 4035 2021 4083 De
2060 4033 2287 4084 Favonio
2335 4032 2427 4083 lib.
2461 4047 2523 4083 ιι.
2560 4047 2605 4083 c.
2632 4034 2745 4081 10..

524 4107 579 4155 ta
612 4119 728 4153 cum
763 4106 951 4156 Crasso
987 4116 1044 4157 et
1085 4108 1292 4157 Caesare
1325 4109 1579 4158 societate
1654 4122 1709 4157 n.
1728 4113 1779 4159 8.

523 4179 740 4233 alterum
785 4182 1118 4234 Consulatum
1157 4183 1415 4247 petebat:
1453 4198 1578 4249 que7
