<?xml version="1.0" encoding="UTF-8"?>
<!DOCTYPE html PUBLIC "-//W3C//DTD XHTML 1.0 Transitional//EN"
    "http://www.w3.org/TR/xhtml1/DTD/xhtml1-transitional.dtd">
<html xmlns="http://www.w3.org/1999/xhtml" xml:lang="en" lang="en">
 <head>
  <title>
</title>
<meta http-equiv="Content-Type" content="text/html;charset=utf-8" />
  <meta name='ocr-system' content='tesseract 3.04.00' />
  <meta name='ocr-capabilities' content='ocr_page ocr_carea ocr_par ocr_line ocrx_word'/>
</head>
<body>
  <div class='ocr_page' id='page_1' title='image "./valeriimaximifa02maxigoog_0018.png"; bbox 0 0 3144 4925; ppageno 0'>
   <div class='ocr_carea' id='block_1_1' title="bbox 572 367 2186 437">
    <p class='ocr_par' dir='ltr' id='par_1_1' title="bbox 572 367 2186 437">
     <span class='ocr_line' id='line_1_1' title="bbox 572 367 2186 437; baseline 0.001 -4"><span class='ocrx_word' id='word_1_1' title='bbox 572 367 700 436; x_wconf 78' lang='lat'><strong>472</strong></span> <span class='ocrx_word' id='word_1_2' title='bbox 1091 413 1100 422; x_wconf 74' lang='grc'><strong>.</strong></span> <span class='ocrx_word' id='word_1_3' title='bbox 1155 383 1468 437; x_wconf 64' lang='lat' dir='ltr'><strong>munau</strong></span> <span class='ocrx_word' id='word_1_4' title='bbox 1521 383 1811 432; x_wconf 76' lang='grc' dir='ltr'><strong>ΜΑΧιΜι</strong></span> <span class='ocrx_word' id='word_1_5' title='bbox 1866 385 2003 434; x_wconf 76' lang='lat' dir='ltr'><strong>mn.</strong></span> <span class='ocrx_word' id='word_1_6' title='bbox 2037 383 2186 434; x_wconf 80' lang='grc' dir='ltr'><strong>ιν..</strong></span> 
     </span>
    </p>
   </div>
   <div class='ocr_carea' id='block_1_2' title="bbox 506 528 2835 2340">
    <p class='ocr_par' dir='ltr' id='par_1_2' title="bbox 506 528 2835 2340">
     <span class='ocr_line' id='line_1_2' title="bbox 570 528 2747 613; baseline 0.001 -18"><span class='ocrx_word' id='word_1_7' title='bbox 570 530 918 613; x_wconf 82' lang='lat' dir='ltr'><strong>imposita,</strong></span> <span class='ocrx_word' id='word_1_8' title='bbox 951 529 1120 592; x_wconf 87' lang='lat' dir='ltr'><strong>inter</strong></span> <span class='ocrx_word' id='word_1_9' title='bbox 1149 528 1438 594; x_wconf 87' lang='lat' dir='ltr'><strong>officium</strong></span> <span class='ocrx_word' id='word_1_10' title='bbox 1471 529 1785 611; x_wconf 85' lang='lat' dir='ltr'><strong>ungendi,</strong></span> <span class='ocrx_word' id='word_1_11' title='bbox 1812 537 1882 594; x_wconf 88' lang='lat' dir='ltr'><strong>et</strong></span> <span class='ocrx_word' id='word_1_12' title='bbox 1912 530 2283 610; x_wconf 85' lang='lat' dir='ltr'><strong>osculandi,</strong></span> <span class='ocrx_word' id='word_1_13' title='bbox 2312 531 2545 596; x_wconf 83' lang='lat' dir='ltr'><strong>stricto</strong></span> <span class='ocrx_word' id='word_1_14' title='bbox 2574 533 2747 598; x_wconf 84' lang='lat' dir='ltr'><strong>ferro</strong></span> 
     </span>
     <span class='ocr_line' id='line_1_3' title="bbox 570 623 2751 713; baseline 0.001 -17"><span class='ocrx_word' id='word_1_15' title='bbox 570 630 894 696; x_wconf 80' lang='lat' dir='ltr'><strong>incubuit.</strong></span> <span class='ocrx_word' id='word_1_16' title='bbox 983 629 1206 708; x_wconf 82' lang='lat' dir='ltr'><strong>Quem</strong></span> <span class='ocrx_word' id='word_1_17' title='bbox 1237 623 1460 706; x_wconf 76' lang='lat' dir='ltr'><strong>amici,</strong></span> <span class='ocrx_word' id='word_1_18' title='bbox 1491 629 1671 696; x_wconf 86' lang='lat' dir='ltr'><strong>sicut</strong></span> <span class='ocrx_word' id='word_1_19' title='bbox 1698 636 1863 709; x_wconf 88' lang='lat' dir='ltr'><strong>erat,</strong></span> <span class='ocrx_word' id='word_1_20' title='bbox 1894 638 2188 713; x_wconf 87' lang='lat' dir='ltr'><strong>togatum</strong></span> <span class='ocrx_word' id='word_1_21' title='bbox 2216 638 2285 698; x_wconf 87' lang='lat' dir='ltr'><strong>et</strong></span> <span class='ocrx_word' id='word_1_22' title='bbox 2316 635 2751 699; x_wconf 52' lang='lat' dir='ltr'><strong>calceatum„</strong></span> 
     </span>
     <span class='ocr_line' id='line_1_4' title="bbox 571 730 2769 816; baseline 0.001 -19"><span class='ocrx_word' id='word_1_23' title='bbox 571 732 838 815; x_wconf 83' lang='lat' dir='ltr'><strong>corpori</strong></span> <span class='ocrx_word' id='word_1_24' title='bbox 887 731 1195 814; x_wconf 87' lang='lat' dir='ltr'><strong>conjugis</strong></span> <span class='ocrx_word' id='word_1_25' title='bbox 1243 730 1648 814; x_wconf 83' lang='lat' dir='ltr'><strong>junxerunt:</strong></span> <span class='ocrx_word' id='word_1_26' title='bbox 1694 750 1774 795; x_wconf 88' lang='lat' dir='ltr'><strong>ac</strong></span> <span class='ocrx_word' id='word_1_27' title='bbox 1834 732 2075 796; x_wconf 87' lang='lat' dir='ltr'><strong>deinde</strong></span> <span class='ocrx_word' id='word_1_28' title='bbox 2122 732 2445 816; x_wconf 86' lang='lat' dir='ltr'><strong>subjectis</strong></span> <span class='ocrx_word' id='word_1_29' title='bbox 2490 735 2769 800; x_wconf 83' lang='lat' dir='ltr'><strong>facibus·</strong></span> 
     </span>
     <span class='ocr_line' id='line_1_5' title="bbox 570 833 2749 926; baseline 0.001 -28"><span class='ocrx_word' id='word_1_30' title='bbox 570 838 914 917; x_wconf 86' lang='lat' dir='ltr'><strong>utrumque</strong></span> <span class='ocrx_word' id='word_1_31' title='bbox 942 852 1080 897; x_wconf 86' lang='lat' dir='ltr'><strong>una</strong></span> <span class='ocrx_word' id='word_1_32' title='bbox 1108 840 1591 897; x_wconf 83' lang='lat' dir='ltr'><strong>cremaverunt.</strong></span> <span class='ocrx_word' id='word_1_33' title='bbox 1655 833 1953 912; x_wconf 83' lang='lat' dir='ltr'><strong>Quorum</strong></span> <span class='ocrx_word' id='word_1_34' title='bbox 1976 833 2073 897; x_wconf 90' lang='lat' dir='ltr'><strong>ibi</strong></span> <span class='ocrx_word' id='word_1_35' title='bbox 2102 833 2353 900; x_wconf 86' lang='lat' dir='ltr'><strong>factum</strong></span> <span class='ocrx_word' id='word_1_36' title='bbox 2369 836 2749 926; x_wconf 80' lang='lat' dir='ltr'><strong>sepulcrum</strong></span> 
     </span>
     <span class='ocr_line' id='line_1_6' title="bbox 570 927 2749 1018; baseline 0.002 -19"><span class='ocrx_word' id='word_1_37' title='bbox 570 935 842 1000; x_wconf 82' lang='lat' dir='ltr'><strong>Tarenti</strong></span> <span class='ocrx_word' id='word_1_38' title='bbox 864 941 912 972; x_wconf 86' lang='lat'><strong>¹²</strong></span> <span class='ocrx_word' id='word_1_39' title='bbox 959 935 1154 998; x_wconf 85' lang='lat' dir='ltr'><strong>etiam</strong></span> <span class='ocrx_word' id='word_1_40' title='bbox 1206 953 1381 998; x_wconf 91' lang='lat' dir='ltr'><strong>nunc</strong></span> <span class='ocrx_word' id='word_1_41' title='bbox 1431 935 1852 1018; x_wconf 84' lang='lat' dir='ltr'><strong>conspicitur,</strong></span> <span class='ocrx_word' id='word_1_42' title='bbox 1883 935 2065 1017; x_wconf 88' lang='lat' dir='ltr'><strong>quod</strong></span> <span class='ocrx_word' id='word_1_43' title='bbox 2088 927 2373 1000; x_wconf 69' lang='lat' dir='ltr'><strong>‘vocatur</strong></span> <span class='ocrx_word' id='word_1_44' title='bbox 2422 943 2595 999; x_wconf 85' lang='grc' dir='ltr'><strong>ΤΩΝ</strong></span> <span class='ocrx_word' id='word_1_45' title='bbox 2634 946 2749 1003; x_wconf 81' lang='grc' dir='ltr'><strong>ΦΙ-</strong></span> 
     </span>
     <span class='ocr_line' id='line_1_7' title="bbox 567 1034 2750 1120; baseline 0.003 -22"><span class='ocrx_word' id='word_1_46' title='bbox 567 1034 1021 1100; x_wconf 68' lang='grc' dir='ltr'><em>ΑΟΤΝΤΩΝ.Ι</em></span> <span class='ocrx_word' id='word_1_47' title='bbox 1073 1036 1250 1100; x_wconf 88' lang='lat' dir='ltr'><strong>-Nec</strong></span> <span class='ocrx_word' id='word_1_48' title='bbox 1301 1036 1566 1114; x_wconf 89' lang='lat' dir='ltr'><strong>dubito,</strong></span> <span class='ocrx_word' id='word_1_49' title='bbox 1625 1036 1801 1120; x_wconf 88' lang='lat' dir='ltr'><strong>quin,</strong></span> <span class='ocrx_word' id='word_1_50' title='bbox 1844 1037 1902 1099; x_wconf 89' lang='lat' dir='ltr'><strong>si</strong></span> <span class='ocrx_word' id='word_1_51' title='bbox 1958 1036 2111 1120; x_wconf 88' lang='lat' dir='ltr'><strong>quis</strong></span> <span class='ocrx_word' id='word_1_52' title='bbox 2168 1035 2369 1100; x_wconf 83' lang='lat' dir='ltr'><strong>modo</strong></span> <span class='ocrx_word' id='word_1_53' title='bbox 2429 1040 2750 1104; x_wconf 80' lang='lat' dir='ltr'><strong>extinctis</strong></span> 
     </span>
     <span class='ocr_line' id='line_1_8' title="bbox 570 1137 2750 1224; baseline 0.002 -22"><span class='ocrx_word' id='word_1_54' title='bbox 570 1157 803 1203; x_wconf 85' lang='lat' dir='ltr'><strong>sensus</strong></span> <span class='ocrx_word' id='word_1_55' title='bbox 831 1139 1024 1216; x_wconf 84' lang='lat' dir='ltr'><strong>inest,</strong></span> <span class='ocrx_word' id='word_1_56' title='bbox 1076 1137 1386 1202; x_wconf 87' lang='lat' dir='ltr'><strong>Plautius</strong></span> <span class='ocrx_word' id='word_1_57' title='bbox 1417 1146 1485 1202; x_wconf 87' lang='lat' dir='ltr'><strong>et</strong></span> <span class='ocrx_word' id='word_1_58' title='bbox 1527 1137 1865 1214; x_wconf 76' lang='lat' dir='ltr'><strong>Orestilla,</strong></span> <span class='ocrx_word' id='word_1_59' title='bbox 1912 1139 2035 1202; x_wconf 84' lang='lat' dir='ltr'><strong>fati</strong></span> <span class='ocrx_word' id='word_1_60' title='bbox 2080 1141 2501 1204; x_wconf 80' lang='lat' dir='ltr'><strong>consortione</strong></span> <span class='ocrx_word' id='word_1_61' title='bbox 2547 1143 2750 1224; x_wconf 83' lang='lat' dir='ltr'><strong>gesti-</strong></span> 
     </span>
     <span class='ocr_line' id='line_1_9' title="bbox 571 1240 2747 1307; baseline 0.001 -2"><span class='ocrx_word' id='word_1_62' title='bbox 571 1248 760 1305; x_wconf 85' lang='lat' dir='ltr'><strong>entes</strong></span> <span class='ocrx_word' id='word_1_63' title='bbox 789 1241 1011 1304; x_wconf 87' lang='lat' dir='ltr'><strong>vultus</strong></span> <span class='ocrx_word' id='word_1_64' title='bbox 1038 1240 1326 1304; x_wconf 84' lang='lat' dir='ltr'><strong>tenebris</strong></span> <span class='ocrx_word' id='word_1_65' title='bbox 1355 1241 1739 1304; x_wconf 73' lang='lat' dir='ltr'><strong>intulerint‘</strong></span> <span class='ocrx_word' id='word_1_66' title='bbox 1825 1240 1999 1304; x_wconf 83' lang='lat' dir='ltr'><strong>Sane</strong></span> <span class='ocrx_word' id='word_1_67' title='bbox 2020 1249 2066 1286; x_wconf 88' lang='lat'><strong>¹³</strong></span> <span class='ocrx_word' id='word_1_68' title='bbox 2100 1241 2210 1304; x_wconf 86' lang='lat' dir='ltr'><strong>ubi</strong></span> <span class='ocrx_word' id='word_1_69' title='bbox 2242 1240 2418 1305; x_wconf 81' lang='lat' dir='ltr'><strong>idern</strong></span> <span class='ocrx_word' id='word_1_70' title='bbox 2444 1246 2509 1306; x_wconf 85' lang='lat' dir='ltr'><strong>et</strong></span> <span class='ocrx_word' id='word_1_71' title='bbox 2530 1243 2747 1307; x_wconf 85' lang='lat' dir='ltr'><strong>max-i-</strong></span> 
     </span>
     <span class='ocr_line' id='line_1_10' title="bbox 569 1340 2747 1424; baseline 0.001 -20"><span class='ocrx_word' id='word_1_72' title='bbox 569 1361 718 1405; x_wconf 89' lang='lat' dir='ltr'><strong>mus</strong></span> <span class='ocrx_word' id='word_1_73' title='bbox 765 1348 832 1406; x_wconf 88' lang='lat' dir='ltr'><strong>et</strong></span> <span class='ocrx_word' id='word_1_74' title='bbox 879 1342 1379 1406; x_wconf 86' lang='lat' dir='ltr'><strong>honestissimus</strong></span> <span class='ocrx_word' id='word_1_75' title='bbox 1425 1360 1609 1406; x_wconf 88' lang='lat' dir='ltr'><strong>amor</strong></span> <span class='ocrx_word' id='word_1_76' title='bbox 1637 1347 1760 1418; x_wconf 87' lang='lat' dir='ltr'><strong>est,</strong></span> <span class='ocrx_word' id='word_1_77' title='bbox 1818 1340 2157 1424; x_wconf 86' lang='lat' dir='ltr'><strong>aliquanto</strong></span> <span class='ocrx_word' id='word_1_78' title='bbox 2210 1347 2489 1424; x_wconf 77' lang='lat' dir='ltr'><strong>praestat</strong></span> <span class='ocrx_word' id='word_1_79' title='bbox 2534 1349 2747 1410; x_wconf 87' lang='lat' dir='ltr'><strong>morte</strong></span> 
     </span>
     <span class='ocr_line' id='line_1_11' title="bbox 506 1441 2770 1528; baseline 0.001 -21"><span class='ocrx_word' id='word_1_80' title='bbox 506 1441 511 1446; x_wconf 81' lang='lat'>&#39;</span> <span class='ocrx_word' id='word_1_81' title='bbox 560 1443 776 1526; x_wconf 86' lang='lat' dir='ltr'><strong>jungi,</strong></span> <span class='ocrx_word' id='word_1_82' title='bbox 808 1463 1008 1528; x_wconf 86' lang='lat' dir='ltr'><strong>quam</strong></span> <span class='ocrx_word' id='word_1_83' title='bbox 1039 1445 1180 1508; x_wconf 85' lang='lat' dir='ltr'><strong>vita</strong></span> <span class='ocrx_word' id='word_1_84' title='bbox 1209 1442 1503 1507; x_wconf 82' lang='lat' dir='ltr'><strong>distrahi.</strong></span> <span class='ocrx_word' id='word_1_85' title='bbox 2762 1500 2770 1510; x_wconf 90' lang='lat'><strong>.</strong></span> 
     </span>
     <span class='ocr_line' id='line_1_12' title="bbox 653 1533 2835 1624; baseline 0.002 -16"><span class='ocrx_word' id='word_1_86' title='bbox 653 1546 715 1608; x_wconf 91' lang='grc'><strong>4.</strong></span> <span class='ocrx_word' id='word_1_87' title='bbox 762 1545 1144 1610; x_wconf 85' lang='lat' dir='ltr'><strong>Consimilis</strong></span> <span class='ocrx_word' id='word_1_88' title='bbox 1171 1540 1447 1608; x_wconf 85' lang='lat' dir='ltr'><strong>affectus</strong></span> <span class='ocrx_word' id='word_1_89' title='bbox 1476 1542 1522 1607; x_wconf 88' lang='lat' dir='ltr'><strong>J</strong></span> <span class='ocrx_word' id='word_1_90' title='bbox 1525 1541 1731 1621; x_wconf 78' lang='lat' dir='ltr'><strong>uliae,‘</strong></span> <span class='ocrx_word' id='word_1_91' title='bbox 1767 1541 1845 1606; x_wconf 85' lang='lat' dir='ltr'><strong>C.</strong></span> <span class='ocrx_word' id='word_1_92' title='bbox 1866 1543 2154 1610; x_wconf 85' lang='lat' dir='ltr'><strong>Caesaris</strong></span> <span class='ocrx_word' id='word_1_93' title='bbox 2182 1533 2364 1624; x_wconf 68' lang='lat' dir='ltr'><strong>filiae,</strong></span> <span class='ocrx_word' id='word_1_94' title='bbox 2396 1551 2747 1614; x_wconf 82' lang='lat' dir='ltr'><strong>annotatus</strong></span> <span class='ocrx_word' id='word_1_95' title='bbox 2831 1609 2835 1613; x_wconf 85' lang='lat'><strong>.</strong></span> 
     </span>
     <span class='ocr_line' id='line_1_13' title="bbox 570 1645 2745 1733; baseline 0.001 -23"><span class='ocrx_word' id='word_1_96' title='bbox 570 1654 696 1710; x_wconf 83' lang='lat' dir='ltr'><strong>est.</strong></span> <span class='ocrx_word' id='word_1_97' title='bbox 782 1646 956 1725; x_wconf 76' lang='lat' dir='ltr'><strong>Quae</strong></span> <span class='ocrx_word' id='word_1_98' title='bbox 987 1667 1132 1711; x_wconf 90' lang='lat' dir='ltr'><strong>cum</strong></span> <span class='ocrx_word' id='word_1_99' title='bbox 1167 1646 1465 1710; x_wconf 82' lang='lat' dir='ltr'><strong>aedilitiis</strong></span> <span class='ocrx_word' id='word_1_100' title='bbox 1495 1647 1781 1711; x_wconf 89' lang='lat' dir='ltr'><strong>comitiis</strong></span> <span class='ocrx_word' id='word_1_101' title='bbox 1833 1645 2137 1730; x_wconf 86' lang='lat' dir='ltr'><strong>Pompeii</strong></span> <span class='ocrx_word' id='word_1_102' title='bbox 2186 1647 2419 1730; x_wconf 83' lang='lat' dir='ltr'><strong>Magni</strong></span> <span class='ocrx_word' id='word_1_103' title='bbox 2444 1648 2745 1733; x_wconf 85' lang='lat' dir='ltr'><strong>conjugis</strong></span> 
     </span>
     <span class='ocr_line' id='line_1_14' title="bbox 569 1746 2745 1830; baseline 0.001 -19"><span class='ocrx_word' id='word_1_104' title='bbox 569 1747 676 1811; x_wconf 88' lang='lat' dir='ltr'><strong>sui</strong></span> <span class='ocrx_word' id='word_1_105' title='bbox 707 1751 954 1812; x_wconf 73' lang='lat' dir='ltr'><strong>vestem</strong></span> <span class='ocrx_word' id='word_1_106' title='bbox 985 1767 1213 1810; x_wconf 88' lang='lat' dir='ltr'><strong>cruore</strong></span> <span class='ocrx_word' id='word_1_107' title='bbox 1242 1765 1619 1828; x_wconf 84' lang='lat' dir='ltr'><strong>respersam</strong></span> <span class='ocrx_word' id='word_1_108' title='bbox 1637 1755 1664 1792; x_wconf 75' lang='lat'>⁸</span> <span class='ocrx_word' id='word_1_109' title='bbox 1704 1767 1741 1810; x_wconf 90' lang='lat' dir='ltr'><strong>e</strong></span> <span class='ocrx_word' id='word_1_110' title='bbox 1768 1746 2031 1830; x_wconf 85' lang='lat' dir='ltr'><strong>Campo</strong></span> <span class='ocrx_word' id='word_1_111' title='bbox 2059 1748 2319 1812; x_wconf 86' lang='lat' dir='ltr'><strong>domum</strong></span> <span class='ocrx_word' id='word_1_112' title='bbox 2349 1751 2619 1814; x_wconf 84' lang='lat' dir='ltr'><strong>relatam</strong></span> <span class='ocrx_word' id='word_1_113' title='bbox 2647 1750 2745 1814; x_wconf 88' lang='lat' dir='ltr'><strong>vi-</strong></span> 
     </span>
     <span class='ocr_line' id='line_1_15' title="bbox 569 1847 2745 1930; baseline 0.003 -20"><span class='ocrx_word' id='word_1_114' title='bbox 569 1848 803 1926; x_wconf 85' lang='lat' dir='ltr'><strong>disset,</strong></span> <span class='ocrx_word' id='word_1_115' title='bbox 848 1850 1066 1912; x_wconf 84' lang='lat' dir='ltr'><strong>territa</strong></span> <span class='ocrx_word' id='word_1_116' title='bbox 1106 1854 1304 1924; x_wconf 88' lang='lat' dir='ltr'><strong>metu,</strong></span> <span class='ocrx_word' id='word_1_117' title='bbox 1346 1868 1568 1930; x_wconf 85' lang='lat' dir='ltr'><strong>nequa</strong></span> <span class='ocrx_word' id='word_1_118' title='bbox 1616 1849 1676 1912; x_wconf 90' lang='lat' dir='ltr'><strong>ei</strong></span> <span class='ocrx_word' id='word_1_119' title='bbox 1729 1847 1831 1913; x_wconf 87' lang='lat' dir='ltr'><strong>vis</strong></span> <span class='ocrx_word' id='word_1_120' title='bbox 1876 1853 2059 1913; x_wconf 87' lang='lat' dir='ltr'><strong>esset</strong></span> <span class='ocrx_word' id='word_1_121' title='bbox 2088 1850 2378 1926; x_wconf 76' lang='lat' dir='ltr'><strong>allata,¹4</strong></span> <span class='ocrx_word' id='word_1_122' title='bbox 2418 1851 2745 1916; x_wconf 84' lang='lat' dir='ltr'><strong>exanimis</strong></span> 
     </span>
     <span class='ocr_line' id='line_1_16' title="bbox 569 1950 2747 2033; baseline 0.001 -20"><span class='ocrx_word' id='word_1_123' title='bbox 569 1950 884 2026; x_wconf 87' lang='lat' dir='ltr'><strong>concidit,</strong></span> <span class='ocrx_word' id='word_1_124' title='bbox 911 1955 1328 2033; x_wconf 88' lang='lat' dir='ltr'><strong>partumque,</strong></span> <span class='ocrx_word' id='word_1_125' title='bbox 1382 1969 1576 2030; x_wconf 86' lang='lat' dir='ltr'><strong>quem</strong></span> <span class='ocrx_word' id='word_1_126' title='bbox 1614 1955 1799 2015; x_wconf 87' lang='lat' dir='ltr'><strong>utero</strong></span> <span class='ocrx_word' id='word_1_127' title='bbox 1850 1957 2245 2033; x_wconf 84' lang='lat' dir='ltr'><strong>conceptum</strong></span> <span class='ocrx_word' id='word_1_128' title='bbox 2290 1951 2602 2029; x_wconf 84' lang='lat' dir='ltr'><strong>habebat,</strong></span> <span class='ocrx_word' id='word_1_129' title='bbox 2635 1971 2747 2015; x_wconf 90' lang='lat' dir='ltr'><strong>su·</strong></span> 
     </span>
     <span class='ocr_line' id='line_1_17' title="bbox 566 2047 2765 2135; baseline 0.003 -23"><span class='ocrx_word' id='word_1_130' title='bbox 566 2050 706 2114; x_wconf 86' lang='lat' dir='ltr'><strong>bita</strong></span> <span class='ocrx_word' id='word_1_131' title='bbox 737 2051 940 2114; x_wconf 87' lang='lat' dir='ltr'><strong>animi</strong></span> <span class='ocrx_word' id='word_1_132' title='bbox 967 2051 1498 2114; x_wconf 82' lang='lat' dir='ltr'><strong>consternatione</strong></span> <span class='ocrx_word' id='word_1_133' title='bbox 1531 2055 1597 2113; x_wconf 88' lang='lat' dir='ltr'><strong>et</strong></span> <span class='ocrx_word' id='word_1_134' title='bbox 1646 2051 1830 2132; x_wconf 87' lang='lat' dir='ltr'><strong>gravi</strong></span> <span class='ocrx_word' id='word_1_135' title='bbox 1882 2051 2109 2115; x_wconf 87' lang='lat' dir='ltr'><strong>dolore</strong></span> <span class='ocrx_word' id='word_1_136' title='bbox 2155 2053 2451 2135; x_wconf 90' lang='lat' dir='ltr'><strong>corporis</strong></span> <span class='ocrx_word' id='word_1_137' title='bbox 2502 2047 2765 2135; x_wconf 72' lang='lat' dir='ltr'><strong>ejicere</strong></span> 
     </span>
     <span class='ocr_line' id='line_1_18' title="bbox 568 2151 2743 2234; baseline 0.002 -20"><span class='ocrx_word' id='word_1_138' title='bbox 568 2155 803 2214; x_wconf 88' lang='lat' dir='ltr'><strong>coacta</strong></span> <span class='ocrx_word' id='word_1_139' title='bbox 831 2161 972 2228; x_wconf 84' lang='lat' dir='ltr'><strong>est3</strong></span> <span class='ocrx_word' id='word_1_140' title='bbox 1021 2157 1218 2232; x_wconf 86' lang='lat' dir='ltr'><strong>atque</strong></span> <span class='ocrx_word' id='word_1_141' title='bbox 1251 2151 1344 2213; x_wconf 91' lang='lat' dir='ltr'><strong>ita</strong></span> <span class='ocrx_word' id='word_1_142' title='bbox 1375 2151 1741 2232; x_wconf 86' lang='lat' dir='ltr'><strong>expiravit:</strong></span> <span class='ocrx_word' id='word_1_143' title='bbox 1762 2159 1809 2197; x_wconf 84' lang='lat'><strong>¹⁵</strong></span> <span class='ocrx_word' id='word_1_144' title='bbox 1854 2171 2097 2234; x_wconf 86' lang='lat' dir='ltr'><strong>magno</strong></span> <span class='ocrx_word' id='word_1_145' title='bbox 2124 2153 2391 2234; x_wconf 87' lang='lat' dir='ltr'><strong>quidem</strong></span> <span class='ocrx_word' id='word_1_146' title='bbox 2446 2173 2601 2219; x_wconf 90' lang='lat' dir='ltr'><strong>cum</strong></span> <span class='ocrx_word' id='word_1_147' title='bbox 2644 2161 2743 2219; x_wconf 87' lang='lat' dir='ltr'><strong>to-</strong></span> 
     </span>
     <span class='ocr_line' id='line_1_19' title="bbox 565 2252 2743 2340; baseline 0.001 -22"><span class='ocrx_word' id='word_1_148' title='bbox 565 2255 698 2318; x_wconf 90' lang='lat' dir='ltr'><strong>tius</strong></span> <span class='ocrx_word' id='word_1_149' title='bbox 725 2257 1037 2316; x_wconf 87' lang='lat' dir='ltr'><strong>terrarum</strong></span> <span class='ocrx_word' id='word_1_150' title='bbox 1067 2253 1251 2317; x_wconf 88' lang='lat' dir='ltr'><strong>orbis</strong></span> <span class='ocrx_word' id='word_1_151' title='bbox 1285 2252 1706 2318; x_wconf 87' lang='lat' dir='ltr'><strong>detrimento:</strong></span> <span class='ocrx_word' id='word_1_152' title='bbox 1752 2253 1947 2340; x_wconf 86' lang='lat' dir='ltr'><strong>cujus</strong></span> <span class='ocrx_word' id='word_1_153' title='bbox 1977 2254 2413 2338; x_wconf 84' lang='lat' dir='ltr'><strong>tranquillitas</strong></span> <span class='ocrx_word' id='word_1_154' title='bbox 2440 2261 2545 2318; x_wconf 89' lang='lat' dir='ltr'><strong>tot</strong></span> <span class='ocrx_word' id='word_1_155' title='bbox 2576 2257 2743 2322; x_wconf 78' lang='lat' dir='ltr'><strong>civi-</strong></span> 
     </span>
    </p>
   </div>
   <div class='ocr_carea' id='block_1_3' title="bbox 563 2457 2750 2649">
    <p class='ocr_par' dir='ltr' id='par_1_3' title="bbox 563 2457 2750 2649">
     <span class='ocr_line' id='line_1_20' title="bbox 621 2457 1325 2514; baseline -0.004 0"><span class='ocrx_word' id='word_1_156' title='bbox 621 2457 654 2502; x_wconf 79' lang='lat' dir='ltr'><strong><em>s</em></strong></span> <span class='ocrx_word' id='word_1_157' title='bbox 683 2459 818 2514; x_wconf 74' lang='lat' dir='ltr'><strong>Quod</strong></span> <span class='ocrx_word' id='word_1_158' title='bbox 839 2467 1029 2510; x_wconf 80' lang='lat' dir='ltr'><strong>vocatur</strong></span> <span class='ocrx_word' id='word_1_159' title='bbox 1049 2464 1325 2511; x_wconf 75' lang='lat' dir='ltr'><strong>amantium.</strong></span> 
     </span>
     <span class='ocr_line' id='line_1_21' title="bbox 624 2524 2750 2589; baseline 0.002 -16"><span class='ocrx_word' id='word_1_160' title='bbox 624 2532 652 2566; x_wconf 74' lang='lat'><em>8</em></span> <span class='ocrx_word' id='word_1_161' title='bbox 670 2526 894 2573; x_wconf 72' lang='lat' dir='ltr'><strong>Plautius</strong></span> <span class='ocrx_word' id='word_1_162' title='bbox 911 2532 957 2574; x_wconf 83' lang='lat' dir='ltr'><strong>et</strong></span> <span class='ocrx_word' id='word_1_163' title='bbox 983 2526 1208 2577; x_wconf 68' lang='lat' dir='ltr'><strong>Orestilla</strong></span> <span class='ocrx_word' id='word_1_164' title='bbox 1226 2524 1406 2577; x_wconf 71' lang='lat' dir='ltr'><strong>Averni</strong></span> <span class='ocrx_word' id='word_1_165' title='bbox 1428 2526 1641 2577; x_wconf 73' lang='lat' dir='ltr'><strong>tenebras</strong></span> <span class='ocrx_word' id='word_1_166' title='bbox 1657 2527 1861 2589; x_wconf 69' lang='lat' dir='ltr'><strong>ingressi</strong></span> <span class='ocrx_word' id='word_1_167' title='bbox 1879 2531 1990 2577; x_wconf 69' lang='lat' dir='ltr'><strong>aunt</strong></span> <span class='ocrx_word' id='word_1_168' title='bbox 2002 2528 2133 2577; x_wconf 78' lang='lat' dir='ltr'><strong>vultu</strong></span> <span class='ocrx_word' id='word_1_169' title='bbox 2149 2528 2295 2577; x_wconf 73' lang='lat' dir='ltr'><strong>hilari</strong></span> <span class='ocrx_word' id='word_1_170' title='bbox 2310 2528 2367 2576; x_wconf 81' lang='lat' dir='ltr'><strong>ob</strong></span> <span class='ocrx_word' id='word_1_171' title='bbox 2383 2530 2547 2577; x_wconf 70' lang='lat' dir='ltr'><strong>mortis</strong></span> <span class='ocrx_word' id='word_1_172' title='bbox 2566 2528 2750 2578; x_wconf 66' lang='lat' dir='ltr'><strong>utrius·-</strong></span> 
     </span>
     <span class='ocr_line' id='line_1_22' title="bbox 563 2589 1060 2649; baseline 0.006 -14"><span class='ocrx_word' id='word_1_173' title='bbox 563 2602 649 2648; x_wconf 71' lang='lat' dir='ltr'><strong>que</strong></span> <span class='ocrx_word' id='word_1_174' title='bbox 677 2589 888 2649; x_wconf 68' lang='lat' dir='ltr'><strong>conjunct</strong></span> <span class='ocrx_word' id='word_1_175' title='bbox 893 2590 1060 2639; x_wconf 79' lang='lat' dir='ltr'><strong>ionem.</strong></span> 
     </span>
    </p>
   </div>
   <div class='ocr_carea' id='block_1_4' title="bbox 1477 2700 1828 2720">
    <p class='ocr_par' dir='ltr' id='par_1_4' title="bbox 1477 2700 1828 2720">
     <span class='ocr_line' id='line_1_23' title="bbox 1477 2700 1828 2720; baseline 0 -1"><span class='ocrx_word' id='word_1_176' title='bbox 1477 2700 1828 2720; x_wconf 47' lang='lat' dir='ltr'><strong>“amno“</strong></span> 
     </span>
    </p>
   </div>
   <div class='ocr_carea' id='block_1_5' title="bbox 545 2792 2744 3371">
    <p class='ocr_par' dir='ltr' id='par_1_5' title="bbox 545 2792 2744 3371">
     <span class='ocr_line' id='line_1_24' title="bbox 553 2792 2742 2867; baseline 0.004 -25"><span class='ocrx_word' id='word_1_177' title='bbox 553 2792 857 2855; x_wconf 58' lang='lat' dir='ltr'><strong>porum—11</strong></span> <span class='ocrx_word' id='word_1_178' title='bbox 895 2796 1040 2847; x_wconf 66' lang='lat' dir='ltr'><strong>Laid.</strong></span> <span class='ocrx_word' id='word_1_179' title='bbox 1082 2801 1128 2847; x_wconf 90' lang='lat'><strong>1.</strong></span> <span class='ocrx_word' id='word_1_180' title='bbox 1165 2798 1286 2847; x_wconf 73' lang='lat' dir='ltr'><strong>sicut</strong></span> <span class='ocrx_word' id='word_1_181' title='bbox 1321 2803 1424 2847; x_wconf 80' lang='lat' dir='ltr'><strong>erat</strong></span> <span class='ocrx_word' id='word_1_182' title='bbox 1463 2804 1653 2861; x_wconf 67' lang='lat' dir='ltr'><strong>togatus</strong></span> <span class='ocrx_word' id='word_1_183' title='bbox 1684 2806 1733 2849; x_wconf 87' lang='lat' dir='ltr'><strong>et</strong></span> <span class='ocrx_word' id='word_1_184' title='bbox 1764 2800 2139 2849; x_wconf 58' lang='lat' dir='ltr'><strong>calceatum—12</strong></span> <span class='ocrx_word' id='word_1_185' title='bbox 2174 2800 2288 2849; x_wconf 82' lang='lat' dir='ltr'><strong>Vox</strong></span> <span class='ocrx_word' id='word_1_186' title='bbox 2333 2802 2527 2850; x_wconf 78' lang='lat' dir='ltr'><strong>Tarenti</strong></span> <span class='ocrx_word' id='word_1_187' title='bbox 2566 2802 2742 2867; x_wconf 81' lang='lat' dir='ltr'><strong>Lipsio</strong></span> 
     </span>
     <span class='ocr_line' id='line_1_25' title="bbox 560 2858 2742 2927; baseline 0.005 -22"><span class='ocrx_word' id='word_1_188' title='bbox 560 2858 743 2919; x_wconf 73' lang='lat' dir='ltr'><strong>glossa</strong></span> <span class='ocrx_word' id='word_1_189' title='bbox 767 2859 994 2923; x_wconf 87' lang='lat' dir='ltr'><strong>videtur,</strong></span> <span class='ocrx_word' id='word_1_190' title='bbox 1044 2860 1263 2925; x_wconf 86' lang='lat' dir='ltr'><strong>ideoque</strong></span> <span class='ocrx_word' id='word_1_191' title='bbox 1302 2862 1538 2913; x_wconf 82' lang='lat' dir='ltr'><strong>delenda.</strong></span> <span class='ocrx_word' id='word_1_192' title='bbox 1606 2862 1851 2913; x_wconf 88' lang='lat' dir='ltr'><strong>Nonnulli</strong></span> <span class='ocrx_word' id='word_1_193' title='bbox 1887 2864 2105 2913; x_wconf 85' lang='lat' dir='ltr'><strong>Torren.</strong></span> <span class='ocrx_word' id='word_1_194' title='bbox 2144 2879 2257 2913; x_wconf 86' lang='lat' dir='ltr'><strong>cnm</strong></span> <span class='ocrx_word' id='word_1_195' title='bbox 2282 2866 2402 2915; x_wconf 87' lang='lat' dir='ltr'><strong>Vet.</strong></span> <span class='ocrx_word' id='word_1_196' title='bbox 2442 2882 2633 2927; x_wconf 80' lang='lat' dir='ltr'><strong>quorum</strong></span> <span class='ocrx_word' id='word_1_197' title='bbox 2672 2867 2742 2915; x_wconf 69' lang='lat' dir='ltr'><strong>iba·</strong></span> 
     </span>
     <span class='ocr_line' id='line_1_26' title="bbox 545 2922 2743 2993; baseline 0.005 -24"><span class='ocrx_word' id='word_1_198' title='bbox 545 2922 736 2979; x_wconf 79' lang='lat' dir='ltr'><strong>sactum</strong></span> <span class='ocrx_word' id='word_1_199' title='bbox 756 2926 1018 2987; x_wconf 75' lang='lat' dir='ltr'><strong>sepulcrum</strong></span> <span class='ocrx_word' id='word_1_200' title='bbox 1039 2932 1141 2975; x_wconf 76' lang='lat' dir='ltr'><strong>est.-</strong></span> <span class='ocrx_word' id='word_1_201' title='bbox 1173 2925 1322 2975; x_wconf 83' lang='lat' dir='ltr'><strong>Leid.</strong></span> <span class='ocrx_word' id='word_1_202' title='bbox 1347 2931 1394 2975; x_wconf 92' lang='lat'><strong>1.</strong></span> <span class='ocrx_word' id='word_1_203' title='bbox 1416 2928 1557 2975; x_wconf 81' lang='lat' dir='ltr'><strong>delet</strong></span> <span class='ocrx_word' id='word_1_204' title='bbox 1579 2927 1665 2978; x_wconf 75' lang='lat' dir='ltr'><strong>ibi.</strong></span> <span class='ocrx_word' id='word_1_205' title='bbox 1735 2928 1864 2976; x_wconf 85' lang='lat' dir='ltr'><strong>Mox</strong></span> <span class='ocrx_word' id='word_1_206' title='bbox 1888 2928 2073 2989; x_wconf 70' lang='lat' dir='ltr'><strong>CopeS.</strong></span> <span class='ocrx_word' id='word_1_207' title='bbox 2108 2928 2257 2977; x_wconf 87' lang='lat' dir='ltr'><strong>Harl.</strong></span> <span class='ocrx_word' id='word_1_208' title='bbox 2281 2936 2335 2979; x_wconf 84' lang='lat' dir='ltr'><strong>et</strong></span> <span class='ocrx_word' id='word_1_209' title='bbox 2356 2930 2515 2979; x_wconf 85' lang='lat' dir='ltr'><strong>Barb.</strong></span> <span class='ocrx_word' id='word_1_210' title='bbox 2540 2936 2585 2980; x_wconf 89' lang='lat'><strong>1.</strong></span> <span class='ocrx_word' id='word_1_211' title='bbox 2614 2934 2743 2993; x_wconf 77' lang='lat' dir='ltr'><strong>&#39;quod</strong></span> 
     </span>
     <span class='ocr_line' id='line_1_27' title="bbox 555 2988 2743 3057; baseline 0.005 -24"><span class='ocrx_word' id='word_1_212' title='bbox 555 2991 764 3036; x_wconf 78' lang='lat' dir='ltr'><strong>notatur.</strong></span> <span class='ocrx_word' id='word_1_213' title='bbox 807 2988 1000 3038; x_wconf 81' lang='lat' dir='ltr'><strong>Graeca</strong></span> <span class='ocrx_word' id='word_1_214' title='bbox 1023 2990 1075 3039; x_wconf 88' lang='lat' dir='ltr'><strong>in</strong></span> <span class='ocrx_word' id='word_1_215' title='bbox 1097 2989 1246 3039; x_wconf 89' lang='lat' dir='ltr'><strong>codd.</strong></span> <span class='ocrx_word' id='word_1_216' title='bbox 1269 2998 1357 3039; x_wconf 82' lang='lat' dir='ltr'><strong>aut</strong></span> <span class='ocrx_word' id='word_1_217' title='bbox 1375 2990 1583 3052; x_wconf 84' lang='lat' dir='ltr'><strong>desunt,</strong></span> <span class='ocrx_word' id='word_1_218' title='bbox 1601 2996 1691 3041; x_wconf 85' lang='lat' dir='ltr'><strong>aut</strong></span> <span class='ocrx_word' id='word_1_219' title='bbox 1712 2991 1814 3053; x_wconf 85' lang='lat' dir='ltr'><strong>legi</strong></span> <span class='ocrx_word' id='word_1_220' title='bbox 1838 3005 1938 3040; x_wconf 86' lang='lat' dir='ltr'><strong>non</strong></span> <span class='ocrx_word' id='word_1_221' title='bbox 1957 2997 2313 3053; x_wconf 53' lang='lat' dir='ltr'><strong>possunt-18</strong></span> <span class='ocrx_word' id='word_1_222' title='bbox 2338 2991 2480 3043; x_wconf 86' lang='lat' dir='ltr'><strong>Ante</strong></span> <span class='ocrx_word' id='word_1_223' title='bbox 2503 2994 2743 3057; x_wconf 77' lang='lat' dir='ltr'><strong>Pighium</strong></span> 
     </span>
     <span class='ocr_line' id='line_1_28' title="bbox 554 3048 2743 3123; baseline 0.005 -28"><span class='ocrx_word' id='word_1_224' title='bbox 554 3048 831 3111; x_wconf 74' lang='lat' dir='ltr'><strong>legebatur</strong></span> <span class='ocrx_word' id='word_1_225' title='bbox 867 3052 1109 3115; x_wconf 56' lang='lat' dir='ltr'><strong>Samum</strong></span> <span class='ocrx_word' id='word_1_226' title='bbox 1141 3054 1278 3115; x_wconf 88' lang='lat' dir='ltr'><strong>quod</strong></span> <span class='ocrx_word' id='word_1_227' title='bbox 1314 3053 1508 3101; x_wconf 82' lang='lat' dir='ltr'><strong>habent</strong></span> <span class='ocrx_word' id='word_1_228' title='bbox 1544 3068 1727 3103; x_wconf 82' lang='lat' dir='ltr'><strong>novem</strong></span> <span class='ocrx_word' id='word_1_229' title='bbox 1765 3054 1917 3103; x_wconf 87' lang='lat' dir='ltr'><strong>codd.</strong></span> <span class='ocrx_word' id='word_1_230' title='bbox 1956 3056 2167 3105; x_wconf 86' lang='lat' dir='ltr'><strong>Torren.</strong></span> <span class='ocrx_word' id='word_1_231' title='bbox 2212 3065 2265 3106; x_wconf 82' lang='lat' dir='ltr'><strong>et</strong></span> <span class='ocrx_word' id='word_1_232' title='bbox 2301 3058 2425 3107; x_wconf 80' lang='lat' dir='ltr'><strong>Vct.</strong></span> <span class='ocrx_word' id='word_1_233' title='bbox 2464 3056 2590 3107; x_wconf 79' lang='lat' dir='ltr'><strong>Sane</strong></span> <span class='ocrx_word' id='word_1_234' title='bbox 2630 3060 2743 3123; x_wconf 77' lang='lat' dir='ltr'><strong>quia</strong></span> 
     </span>
     <span class='ocr_line' id='line_1_29' title="bbox 555 3112 2744 3184; baseline 0.005 -25"><span class='ocrx_word' id='word_1_235' title='bbox 555 3112 724 3161; x_wconf 83' lang='lat' dir='ltr'><strong>Bitur.</strong></span> <span class='ocrx_word' id='word_1_236' title='bbox 750 3117 796 3161; x_wconf 88' lang='lat'><strong>1.</strong></span> <span class='ocrx_word' id='word_1_237' title='bbox 819 3114 946 3163; x_wconf 77' lang='lat' dir='ltr'><strong>Sane</strong></span> <span class='ocrx_word' id='word_1_238' title='bbox 967 3130 1106 3177; x_wconf 75' lang='lat' dir='ltr'><strong>quam</strong></span> <span class='ocrx_word' id='word_1_239' title='bbox 1139 3116 1274 3178; x_wconf 83' lang='lat' dir='ltr'><strong>conj.</strong></span> <span class='ocrx_word' id='word_1_240' title='bbox 1305 3117 1647 3166; x_wconf 71' lang='lat' dir='ltr'><strong>Turrem—14</strong></span> <span class='ocrx_word' id='word_1_241' title='bbox 1678 3118 1889 3179; x_wconf 76' lang='lat' dir='ltr'><strong>Septem</strong></span> <span class='ocrx_word' id='word_1_242' title='bbox 1927 3118 2077 3168; x_wconf 89' lang='lat' dir='ltr'><strong>codd.</strong></span> <span class='ocrx_word' id='word_1_243' title='bbox 2120 3121 2331 3171; x_wconf 84' lang='lat' dir='ltr'><strong>Torren.</strong></span> <span class='ocrx_word' id='word_1_244' title='bbox 2365 3136 2425 3169; x_wconf 80' lang='lat' dir='ltr'><strong>ne</strong></span> <span class='ocrx_word' id='word_1_245' title='bbox 2462 3138 2554 3184; x_wconf 79' lang='lat' dir='ltr'><strong>qua</strong></span> <span class='ocrx_word' id='word_1_246' title='bbox 2588 3122 2633 3171; x_wconf 83' lang='lat' dir='ltr'><strong>ei</strong></span> <span class='ocrx_word' id='word_1_247' title='bbox 2670 3122 2744 3171; x_wconf 70' lang='lat' dir='ltr'><strong>cie</strong></span> 
     </span>
     <span class='ocr_line' id='line_1_30' title="bbox 553 3178 2741 3247; baseline 0.006 -25"><span class='ocrx_word' id='word_1_248' title='bbox 553 3180 673 3223; x_wconf 65' lang='lat' dir='ltr'><strong>esset</strong></span> <span class='ocrx_word' id='word_1_249' title='bbox 695 3178 845 3227; x_wconf 77' lang='lat' dir='ltr'><strong>illata.</strong></span> <span class='ocrx_word' id='word_1_250' title='bbox 913 3178 1040 3226; x_wconf 83' lang='lat' dir='ltr'><strong>Mox</strong></span> <span class='ocrx_word' id='word_1_251' title='bbox 1058 3192 1150 3239; x_wconf 87' lang='lat' dir='ltr'><strong>pro</strong></span> <span class='ocrx_word' id='word_1_252' title='bbox 1170 3178 1336 3238; x_wconf 59' lang='lat' dir='ltr'><strong>eiicere</strong></span> <span class='ocrx_word' id='word_1_253' title='bbox 1355 3180 1638 3243; x_wconf 80' lang='lat' dir='ltr'><strong>Schegkius</strong></span> <span class='ocrx_word' id='word_1_254' title='bbox 1672 3180 1723 3228; x_wconf 91' lang='lat' dir='ltr'><strong>in</strong></span> <span class='ocrx_word' id='word_1_255' title='bbox 1756 3196 1849 3231; x_wconf 83' lang='lat' dir='ltr'><strong>suo</strong></span> <span class='ocrx_word' id='word_1_256' title='bbox 1886 3181 2067 3231; x_wconf 88' lang='lat' dir='ltr'><strong>codice</strong></span> <span class='ocrx_word' id='word_1_257' title='bbox 2106 3185 2301 3247; x_wconf 86' lang='lat' dir='ltr'><strong>reperit</strong></span> <span class='ocrx_word' id='word_1_258' title='bbox 2336 3185 2535 3245; x_wconf 54' lang='lat' dir='ltr'><strong>:abiicere</strong></span> <span class='ocrx_word' id='word_1_259' title='bbox 2550 3202 2572 3244; x_wconf 91' lang='lat'><em>;</em></span> <span class='ocrx_word' id='word_1_260' title='bbox 2605 3186 2741 3235; x_wconf 83' lang='lat' dir='ltr'><strong>unde</strong></span> 
     </span>
     <span class='ocr_line' id='line_1_31' title="bbox 551 3236 2741 3313; baseline 0.006 -28"><span class='ocrx_word' id='word_1_261' title='bbox 551 3236 640 3287; x_wconf 80' lang='lat' dir='ltr'><strong>ille</strong></span> <span class='ocrx_word' id='word_1_262' title='bbox 662 3240 859 3302; x_wconf 80' lang='lat' dir='ltr'><strong>colligit</strong></span> <span class='ocrx_word' id='word_1_263' title='bbox 877 3242 1151 3303; x_wconf 80' lang='lat' dir='ltr'><strong>legendum</strong></span> <span class='ocrx_word' id='word_1_264' title='bbox 1175 3257 1288 3292; x_wconf 80' lang='lat' dir='ltr'><strong>csse</strong></span> <span class='ocrx_word' id='word_1_265' title='bbox 1309 3243 1644 3304; x_wconf 60' lang='lat' dir='ltr'><strong>wigera—15</strong></span> <span class='ocrx_word' id='word_1_266' title='bbox 1677 3245 1835 3295; x_wconf 81' lang='lat' dir='ltr'><strong>Barb.</strong></span> <span class='ocrx_word' id='word_1_267' title='bbox 1860 3250 1908 3295; x_wconf 89' lang='lat'><strong>1.</strong></span> <span class='ocrx_word' id='word_1_268' title='bbox 1943 3246 2130 3311; x_wconf 80' lang='lat' dir='ltr'><strong>Ultraj.</strong></span> <span class='ocrx_word' id='word_1_269' title='bbox 2153 3252 2199 3297; x_wconf 90' lang='lat'><strong>1.</strong></span> <span class='ocrx_word' id='word_1_270' title='bbox 2235 3253 2286 3299; x_wconf 82' lang='lat'><strong>2.</strong></span> <span class='ocrx_word' id='word_1_271' title='bbox 2326 3250 2515 3313; x_wconf 81' lang='lat' dir='ltr'><strong>Copes.</strong></span> <span class='ocrx_word' id='word_1_272' title='bbox 2556 3249 2741 3299; x_wconf 83' lang='lat' dir='ltr'><strong>Leidd.</strong></span> 
     </span>
     <span class='ocr_line' id='line_1_32' title="bbox 555 3304 2740 3371; baseline 0.006 -22"><span class='ocrx_word' id='word_1_273' title='bbox 555 3304 601 3351; x_wconf 91' lang='lat'><strong>1.</strong></span> <span class='ocrx_word' id='word_1_274' title='bbox 621 3306 670 3353; x_wconf 86' lang='grc'><strong>7.</strong></span> <span class='ocrx_word' id='word_1_275' title='bbox 693 3310 748 3353; x_wconf 84' lang='lat' dir='ltr'><strong>et</strong></span> <span class='ocrx_word' id='word_1_276' title='bbox 767 3305 906 3368; x_wconf 80' lang='lat' dir='ltr'><strong>Mog.</strong></span> <span class='ocrx_word' id='word_1_277' title='bbox 924 3306 1100 3355; x_wconf 83' lang='lat' dir='ltr'><strong>delent</strong></span> <span class='ocrx_word' id='word_1_278' title='bbox 1119 3312 1258 3370; x_wconf 80' lang='lat' dir='ltr'><strong>atque</strong></span> <span class='ocrx_word' id='word_1_279' title='bbox 1276 3307 1348 3356; x_wconf 80' lang='lat' dir='ltr'><strong>ita</strong></span> <span class='ocrx_word' id='word_1_280' title='bbox 1369 3308 1637 3371; x_wconf 74' lang='lat' dir='ltr'><strong>expiravit,·</strong></span> <span class='ocrx_word' id='word_1_281' title='bbox 1670 3309 1761 3359; x_wconf 77' lang='lat' dir='ltr'><strong>sed</strong></span> <span class='ocrx_word' id='word_1_282' title='bbox 1784 3310 1895 3360; x_wconf 81' lang='lat' dir='ltr'><strong>haec</strong></span> <span class='ocrx_word' id='word_1_283' title='bbox 1912 3310 2070 3361; x_wconf 84' lang='lat' dir='ltr'><strong>verba</strong></span> <span class='ocrx_word' id='word_1_284' title='bbox 2090 3312 2300 3363; x_wconf 82' lang='lat' dir='ltr'><strong>exhibet</strong></span> <span class='ocrx_word' id='word_1_285' title='bbox 2330 3314 2479 3364; x_wconf 84' lang='lat' dir='ltr'><strong>Leid.</strong></span> <span class='ocrx_word' id='word_1_286' title='bbox 2502 3318 2551 3363; x_wconf 86' lang='grc'><strong>7.</strong></span> <span class='ocrx_word' id='word_1_287' title='bbox 2586 3328 2740 3363; x_wconf 79' lang='lat' dir='ltr'><strong>manu</strong></span> 
     </span>
    </p>
   </div>
   <div class='ocr_carea' id='block_1_6' title="bbox 1534 3468 1749 3520">
    <p class='ocr_par' dir='ltr' id='par_1_6' title="bbox 1534 3468 1749 3520">
     <span class='ocr_line' id='line_1_33' title="bbox 1534 3468 1749 3520; baseline 0.005 -1"><span class='ocrx_word' id='word_1_288' title='bbox 1534 3468 1749 3520; x_wconf 81' lang='lat' dir='ltr'>NOTAE</span> 
     </span>
    </p>
   </div>
   <div class='ocr_carea' id='block_1_7' title="bbox 547 3572 2740 4033">
    <p class='ocr_par' dir='ltr' id='par_1_7' title="bbox 547 3572 2740 4033">
     <span class='ocr_line' id='line_1_34' title="bbox 615 3572 2740 3651; baseline 0.008 -27"><span class='ocrx_word' id='word_1_289' title='bbox 615 3572 636 3608; x_wconf 79' lang='lat'><strong><em>¹</em></strong></span> <span class='ocrx_word' id='word_1_290' title='bbox 661 3575 830 3639; x_wconf 75' lang='lat' dir='ltr'><strong>Juziae]</strong></span> <span class='ocrx_word' id='word_1_291' title='bbox 875 3576 1158 3643; x_wconf 76' lang='lat' dir='ltr'><strong>Postquam</strong></span> <span class='ocrx_word' id='word_1_292' title='bbox 1202 3582 1506 3646; x_wconf 86' lang='lat' dir='ltr'><strong>Pompeium</strong></span> <span class='ocrx_word' id='word_1_293' title='bbox 1547 3592 1604 3634; x_wconf 84' lang='lat' dir='ltr'><strong>et</strong></span> <span class='ocrx_word' id='word_1_294' title='bbox 1686 3584 1991 3651; x_wconf 83' lang='lat' dir='ltr'><strong>domumque</strong></span> <span class='ocrx_word' id='word_1_295' title='bbox 2024 3602 2118 3650; x_wconf 84' lang='lat' dir='ltr'><strong>per</strong></span> <span class='ocrx_word' id='word_1_296' title='bbox 2150 3603 2327 3639; x_wconf 77' lang='lat' dir='ltr'><strong>servos</strong></span> <span class='ocrx_word' id='word_1_297' title='bbox 2362 3589 2595 3639; x_wconf 84' lang='lat' dir='ltr'><strong>remittit.</strong></span> <span class='ocrx_word' id='word_1_298' title='bbox 2663 3591 2740 3641; x_wconf 87' lang='lat' dir='ltr'><strong>Ut</strong></span> 
     </span>
     <span class='ocr_line' id='line_1_35' title="bbox 553 3651 2737 3731; baseline 0.006 -30"><span class='ocrx_word' id='word_1_299' title='bbox 553 3652 792 3701; x_wconf 78' lang='lat' dir='ltr'><strong>Crassum</strong></span> <span class='ocrx_word' id='word_1_300' title='bbox 830 3651 883 3700; x_wconf 89' lang='lat' dir='ltr'><strong>in</strong></span> <span class='ocrx_word' id='word_1_301' title='bbox 918 3654 1137 3714; x_wconf 76' lang='lat' dir='ltr'><strong>gratiam</strong></span> <span class='ocrx_word' id='word_1_302' title='bbox 1172 3656 1345 3707; x_wconf 77' lang='lat' dir='ltr'><strong>Caesar</strong></span> <span class='ocrx_word' id='word_1_303' title='bbox 1373 3657 1602 3722; x_wconf 81' lang='lat' dir='ltr'><strong>reduxit,</strong></span> <span class='ocrx_word' id='word_1_304' title='bbox 1682 3672 1795 3708; x_wconf 76' lang='lat' dir='ltr'><strong>eam</strong></span> <span class='ocrx_word' id='word_1_305' title='bbox 1819 3660 1962 3710; x_wconf 84' lang='lat' dir='ltr'><strong>videt</strong></span> <span class='ocrx_word' id='word_1_306' title='bbox 1985 3662 2145 3725; x_wconf 80' lang='lat' dir='ltr'><strong>Julia,</strong></span> <span class='ocrx_word' id='word_1_307' title='bbox 2176 3663 2375 3725; x_wconf 82' lang='lat' dir='ltr'><strong>deficit,</strong></span> <span class='ocrx_word' id='word_1_308' title='bbox 2396 3664 2737 3731; x_wconf 81' lang='lat' dir='ltr'><strong>abortumque</strong></span> 
     </span>
     <span class='ocr_line' id='line_1_36' title="bbox 549 3728 2737 3804; baseline 0.007 -28"><span class='ocrx_word' id='word_1_309' title='bbox 549 3728 818 3793; x_wconf 85' lang='lat' dir='ltr'><strong>Pompeio,</strong></span> <span class='ocrx_word' id='word_1_310' title='bbox 850 3743 950 3793; x_wconf 87' lang='lat' dir='ltr'><strong>quo</strong></span> <span class='ocrx_word' id='word_1_311' title='bbox 971 3730 1133 3793; x_wconf 76' lang='lat' dir='ltr'><strong>magis</strong></span> <span class='ocrx_word' id='word_1_312' title='bbox 1154 3729 1295 3781; x_wconf 87' lang='lat' dir='ltr'><strong>illum</strong></span> <span class='ocrx_word' id='word_1_313' title='bbox 1315 3732 1410 3781; x_wconf 76' lang='lat' dir='ltr'><strong>sibi</strong></span> <span class='ocrx_word' id='word_1_314' title='bbox 1433 3736 1601 3784; x_wconf 88' lang='lat' dir='ltr'><strong>conci·</strong></span> <span class='ocrx_word' id='word_1_315' title='bbox 1684 3735 1911 3797; x_wconf 60' lang='lat' dir='ltr'><strong>potituri</strong></span> <span class='ocrx_word' id='word_1_316' title='bbox 1962 3745 2195 3788; x_wconf 75' lang='lat' dir='ltr'><strong>recreata</strong></span> <span class='ocrx_word' id='word_1_317' title='bbox 2238 3746 2408 3789; x_wconf 79' lang='lat' dir='ltr'><strong>tamen</strong></span> <span class='ocrx_word' id='word_1_318' title='bbox 2444 3741 2737 3804; x_wconf 69' lang='lat' dir='ltr'><strong>convaluitg</strong></span> 
     </span>
     <span class='ocr_line' id='line_1_37' title="bbox 547 3804 2736 3879; baseline 0.007 -27"><span class='ocrx_word' id='word_1_319' title='bbox 547 3804 720 3863; x_wconf 68' lang='lat' dir='ltr'><strong>lieret,</strong></span> <span class='ocrx_word' id='word_1_320' title='bbox 752 3805 944 3855; x_wconf 72' lang='lat' dir='ltr'><strong>sullam</strong></span> <span class='ocrx_word' id='word_1_321' title='bbox 965 3804 1120 3856; x_wconf 80' lang='lat' dir='ltr'><strong>filiam</strong></span> <span class='ocrx_word' id='word_1_322' title='bbox 1145 3806 1198 3855; x_wconf 91' lang='lat' dir='ltr'><strong>in</strong></span> <span class='ocrx_word' id='word_1_323' title='bbox 1221 3809 1601 3859; x_wconf 68' lang='lat' dir='ltr'><strong>matrimonium</strong></span> <span class='ocrx_word' id='word_1_324' title='bbox 1682 3814 1739 3857; x_wconf 84' lang='lat' dir='ltr'><strong>ct</strong></span> <span class='ocrx_word' id='word_1_325' title='bbox 1769 3810 2033 3875; x_wconf 79' lang='lat' dir='ltr'><strong>aliquanto</strong></span> <span class='ocrx_word' id='word_1_326' title='bbox 2066 3820 2203 3877; x_wconf 78' lang='lat' dir='ltr'><strong>post,</strong></span> <span class='ocrx_word' id='word_1_327' title='bbox 2236 3814 2423 3863; x_wconf 84' lang='lat' dir='ltr'><strong>iterum</strong></span> <span class='ocrx_word' id='word_1_328' title='bbox 2463 3829 2736 3879; x_wconf 65' lang='lat' dir='ltr'><strong>pregnans</strong></span> 
     </span>
     <span class='ocr_line' id='line_1_38' title="bbox 549 3878 2738 3959; baseline 0.008 -32"><span class='ocrx_word' id='word_1_329' title='bbox 549 3878 713 3928; x_wconf 87' lang='lat' dir='ltr'><strong>dedit.</strong></span> <span class='ocrx_word' id='word_1_330' title='bbox 1682 3903 1796 3939; x_wconf 85' lang='lat' dir='ltr'><strong>cum</strong></span> <span class='ocrx_word' id='word_1_331' title='bbox 1819 3897 1977 3953; x_wconf 71' lang='lat' dir='ltr'><strong>esset,</strong></span> <span class='ocrx_word' id='word_1_332' title='bbox 2009 3892 2167 3941; x_wconf 82' lang='lat' dir='ltr'><strong>filiam</strong></span> <span class='ocrx_word' id='word_1_333' title='bbox 2189 3892 2344 3941; x_wconf 81' lang='lat' dir='ltr'><strong>enixa</strong></span> <span class='ocrx_word' id='word_1_334' title='bbox 2372 3906 2439 3941; x_wconf 80' lang='lat' dir='ltr'><strong>ex</strong></span> <span class='ocrx_word' id='word_1_335' title='bbox 2472 3896 2738 3959; x_wconf 73' lang='lat' dir='ltr'><strong>puerperii</strong></span> 
     </span>
     <span class='ocr_line' id='line_1_39' title="bbox 613 3954 2736 4033; baseline 0.008 -32"><span class='ocrx_word' id='word_1_336' title='bbox 613 3960 639 3995; x_wconf 73' lang='lat'><strong>⁸</strong></span> <span class='ocrx_word' id='word_1_337' title='bbox 691 3955 866 4004; x_wconf 74' lang='lat' dir='ltr'><strong>cmm-e</strong></span> <span class='ocrx_word' id='word_1_338' title='bbox 907 3954 1190 4019; x_wconf 64' lang='lat' dir='ltr'><strong>reaper-oum]</strong></span> <span class='ocrx_word' id='word_1_339' title='bbox 1255 3957 1317 4005; x_wconf 87' lang='lat' dir='ltr'><strong>In</strong></span> <span class='ocrx_word' id='word_1_340' title='bbox 1379 3959 1625 4010; x_wconf 75' lang='lat' dir='ltr'><strong>comitiis·</strong></span> <span class='ocrx_word' id='word_1_341' title='bbox 1680 3964 1942 4017; x_wconf 77' lang='lat' dir='ltr'><strong>doloribus</strong></span> <span class='ocrx_word' id='word_1_342' title='bbox 2015 3966 2291 4029; x_wconf 76' lang='lat' dir='ltr'><strong>expiravit.</strong></span> <span class='ocrx_word' id='word_1_343' title='bbox 2398 3969 2736 4033; x_wconf 74' lang='lat' dir='ltr'><strong>Quapropter</strong></span> 
     </span>
    </p>
   </div>
   <div class='ocr_carea' id='block_1_8' title="bbox 548 4026 2748 4171">
    <p class='ocr_par' dir='ltr' id='par_1_8' title="bbox 548 4026 2748 4171">
     <span class='ocr_line' id='line_1_40' title="bbox 548 4026 2748 4110; baseline 0.011 -37"><span class='ocrx_word' id='word_1_344' title='bbox 548 4026 826 4090; x_wconf 72' lang='lat' dir='ltr'><strong>Pompeius</strong></span> <span class='ocrx_word' id='word_1_345' title='bbox 848 4035 992 4095; x_wconf 81' lang='lat' dir='ltr'><strong>erat3</strong></span> <span class='ocrx_word' id='word_1_346' title='bbox 1029 4038 1243 4095; x_wconf 76' lang='lat' dir='ltr'><strong>propter</strong></span> <span class='ocrx_word' id='word_1_347' title='bbox 1279 4031 1464 4095; x_wconf 75' lang='lat' dir='ltr'><strong>ipsum,</strong></span> <span class='ocrx_word' id='word_1_348' title='bbox 1485 4034 1599 4097; x_wconf 81' lang='lat' dir='ltr'><strong>jur·</strong></span> <span class='ocrx_word' id='word_1_349' title='bbox 1678 4041 1812 4104; x_wconf 84' lang='lat' dir='ltr'><strong>quod</strong></span> <span class='ocrx_word' id='word_1_350' title='bbox 1837 4041 1911 4091; x_wconf 77' lang='lat' dir='ltr'><strong>ait</strong></span> <span class='ocrx_word' id='word_1_351' title='bbox 1932 4042 2188 4106; x_wconf 80' lang='lat' dir='ltr'><strong>Valerius,</strong></span> <span class='ocrx_word' id='word_1_352' title='bbox 2218 4042 2495 4095; x_wconf 68' lang='lat' dir='ltr'><strong>inanitum</strong></span> <span class='ocrx_word' id='word_1_353' title='bbox 2526 4045 2748 4110; x_wconf 62' lang='lat' dir='ltr'><strong>obiisse,-</strong></span> 
     </span>
     <span class='ocr_line' id='line_1_41' title="bbox 549 4101 2023 4171; baseline 0.013 -25"><span class='ocrx_word' id='word_1_354' title='bbox 549 4101 687 4164; x_wconf 81' lang='lat' dir='ltr'><strong>gium</strong></span> <span class='ocrx_word' id='word_1_355' title='bbox 709 4101 889 4165; x_wconf 87' lang='lat' dir='ltr'><strong>oritur,</strong></span> <span class='ocrx_word' id='word_1_356' title='bbox 921 4103 982 4151; x_wconf 77' lang='lat' dir='ltr'><strong>fit</strong></span> <span class='ocrx_word' id='word_1_357' title='bbox 1016 4105 1209 4169; x_wconf 75' lang='lat' dir='ltr'><strong>caedes,</strong></span> <span class='ocrx_word' id='word_1_358' title='bbox 1246 4108 1493 4171; x_wconf 78' lang='lat' dir='ltr'><strong>sanguine</strong></span> <span class='ocrx_word' id='word_1_359' title='bbox 1516 4122 1597 4159; x_wconf 84' lang='lat' dir='ltr'><strong>re·</strong></span> <span class='ocrx_word' id='word_1_360' title='bbox 1677 4114 1729 4163; x_wconf 88' lang='lat' dir='ltr'><strong>id</strong></span> <span class='ocrx_word' id='word_1_361' title='bbox 1753 4130 1903 4167; x_wconf 78' lang='lat' dir='ltr'><strong>secus</strong></span> <span class='ocrx_word' id='word_1_362' title='bbox 1926 4122 2023 4165; x_wconf 77' lang='lat' dir='ltr'><strong>cst.</strong></span> 
     </span>
    </p>
   </div>
   <div class='ocr_carea' id='block_1_9' title="bbox 551 4176 1596 4249">
    <p class='ocr_par' dir='ltr' id='par_1_9' title="bbox 551 4176 1596 4249">
     <span class='ocr_line' id='line_1_42' title="bbox 551 4176 1596 4249; baseline 0.011 -25"><span class='ocrx_word' id='word_1_363' title='bbox 551 4176 838 4240; x_wconf 78' lang='lat' dir='ltr'><strong>spergitur3</strong></span> <span class='ocrx_word' id='word_1_364' title='bbox 883 4178 1029 4241; x_wconf 85' lang='lat' dir='ltr'><strong>ponit</strong></span> <span class='ocrx_word' id='word_1_365' title='bbox 1070 4188 1266 4231; x_wconf 67' lang='lat' dir='ltr'><strong>vestem</strong></span> <span class='ocrx_word' id='word_1_366' title='bbox 1309 4190 1596 4249; x_wconf 79' lang='lat' dir='ltr'><strong>cruentam,</strong></span> 
     </span>
    </p>
   </div>
   <div class='ocr_carea' id='block_1_10' title="bbox 3125 0 3135 1068">
    <p class='ocr_par' dir='ltr' id='par_1_10' title="bbox 3125 0 3135 1068">
     <span class='ocr_line' id='line_1_43' title="bbox 3125 0 3135 1068; baseline 0 0"><span class='ocrx_word' id='word_1_367' title='bbox 3125 0 3135 1068; x_wconf 95' lang='lat' dir='ltr'><strong> </strong></span> 
     </span>
    </p>
   </div>
   <div class='ocr_carea' id='block_1_11' title="bbox 3122 0 3137 1472">
    <p class='ocr_par' dir='ltr' id='par_1_11' title="bbox 3122 0 3137 1472">
     <span class='ocr_line' id='line_1_44' title="bbox 3122 0 3137 1472; baseline 0 0"><span class='ocrx_word' id='word_1_368' title='bbox 3122 0 3137 1472; x_wconf 95' lang='lat' dir='ltr'><strong> </strong></span> 
     </span>
    </p>
   </div>
   <div class='ocr_carea' id='block_1_12' title="bbox 3127 1981 3134 2587">
    <p class='ocr_par' dir='ltr' id='par_1_12' title="bbox 3127 1981 3134 2587">
     <span class='ocr_line' id='line_1_45' title="bbox 3127 1981 3134 2587; baseline 0 0"><span class='ocrx_word' id='word_1_369' title='bbox 3127 1981 3134 2587; x_wconf 95' lang='lat' dir='ltr'><strong> </strong></span> 
     </span>
    </p>
   </div>
  </div>
 </body>
</html>
