<?xml version="1.0" encoding="UTF-8"?>
<!DOCTYPE html PUBLIC "-//W3C//DTD XHTML 1.0 Transitional//EN"
    "http://www.w3.org/TR/xhtml1/DTD/xhtml1-transitional.dtd">
<html xmlns="http://www.w3.org/1999/xhtml" xml:lang="en" lang="en">
 <head>
  <title>
</title>
<meta http-equiv="Content-Type" content="text/html;charset=utf-8" />
  <meta name='ocr-system' content='tesseract 3.04.00' />
  <meta name='ocr-capabilities' content='ocr_page ocr_carea ocr_par ocr_line ocrx_word'/>
</head>
<body>
  <div class='ocr_page' id='page_1' title='image "./valeriimaximifa02maxigoog_0432.png"; bbox 0 0 3144 4925; ppageno 0'>
   <div class='ocr_carea' id='block_1_1' title="bbox 536 354 2132 422">
    <p class='ocr_par' dir='ltr' id='par_1_1' title="bbox 536 354 2132 422">
     <span class='ocr_line' id='line_1_1' title="bbox 536 354 2132 422; baseline -0.006 0"><span class='ocrx_word' id='word_1_1' title='bbox 536 354 667 422; x_wconf 83' lang='lat'><strong>886</strong></span> <span class='ocrx_word' id='word_1_2' title='bbox 1127 365 1437 416; x_wconf 63' lang='lat' dir='ltr'><strong>vamum</strong></span> <span class='ocrx_word' id='word_1_3' title='bbox 1484 365 1777 415; x_wconf 60' lang='lat' dir='ltr'><strong>Maxim</strong></span> <span class='ocrx_word' id='word_1_4' title='bbox 1827 366 1976 416; x_wconf 77' lang='lat' dir='ltr'><strong>ms.</strong></span> <span class='ocrx_word' id='word_1_5' title='bbox 2023 365 2132 414; x_wconf 74' lang='lat' dir='ltr'><strong>ix.</strong></span> 
     </span>
    </p>
   </div>
   <div class='ocr_carea' id='block_1_2' title="bbox 538 513 2726 1783">
    <p class='ocr_par' dir='ltr' id='par_1_2' title="bbox 538 513 2723 700">
     <span class='ocr_line' id='line_1_2' title="bbox 538 513 2723 595; baseline -0 -13"><span class='ocrx_word' id='word_1_6' title='bbox 538 517 982 583; x_wconf 79' lang='lat' dir='ltr'><strong>urbanitatem</strong></span> <span class='ocrx_word' id='word_1_7' title='bbox 1012 514 1173 582; x_wconf 88' lang='lat' dir='ltr'><strong>dicti</strong></span> <span class='ocrx_word' id='word_1_8' title='bbox 1204 515 1431 580; x_wconf 88' lang='lat' dir='ltr'><strong>crebro</strong></span> <span class='ocrx_word' id='word_1_9' title='bbox 1460 513 1754 580; x_wconf 78' lang='lat' dir='ltr'><strong>anhelitu</strong></span> <span class='ocrx_word' id='word_1_10' title='bbox 1799 514 2271 578; x_wconf 80' lang='lat' dir='ltr'><strong>cachinnorum</strong></span> <span class='ocrx_word' id='word_1_11' title='bbox 2298 521 2723 595; x_wconf 75' lang='lat' dir='ltr'><strong>prosecutuS,</strong></span> 
     </span>
     <span class='ocr_line' id='line_1_3' title="bbox 538 613 2214 700; baseline -0.002 -20"><span class='ocrx_word' id='word_1_12' title='bbox 538 618 743 681; x_wconf 88' lang='lat' dir='ltr'><strong>senile</strong></span> <span class='ocrx_word' id='word_1_13' title='bbox 775 622 992 700; x_wconf 85' lang='lat' dir='ltr'><strong>guttur</strong></span> <span class='ocrx_word' id='word_1_14' title='bbox 1020 616 1307 681; x_wconf 77' lang='lat' dir='ltr'><strong>salebris</strong></span> <span class='ocrx_word' id='word_1_15' title='bbox 1338 615 1619 698; x_wconf 88' lang='lat' dir='ltr'><strong>spiritus</strong></span> <span class='ocrx_word' id='word_1_16' title='bbox 1647 613 2139 698; x_wconf 77' lang='lat' dir='ltr'><strong>praegravavit.⁸&#39;</strong></span> <span class='ocrx_word' id='word_1_17' title='bbox 2157 620 2214 662; x_wconf 75' lang='lat'><strong>³⁴</strong></span> 
     </span>
    </p>

    <p class='ocr_par' dir='ltr' id='par_1_3' title="bbox 538 714 2726 1301">
     <span class='ocr_line' id='line_1_4' title="bbox 621 714 2721 800; baseline -0.001 -17"><span class='ocrx_word' id='word_1_18' title='bbox 621 719 685 783; x_wconf 86' lang='grc'><strong>7.</strong></span> <span class='ocrx_word' id='word_1_19' title='bbox 729 715 829 781; x_wconf 82' lang='lat' dir='ltr'><strong>At</strong></span> <span class='ocrx_word' id='word_1_20' title='bbox 861 717 1235 794; x_wconf 67' lang='lat' dir='ltr'><strong>Pindarus:</strong></span> <span class='ocrx_word' id='word_1_21' title='bbox 1277 736 1427 782; x_wconf 87' lang='lat' dir='ltr'><strong>cum</strong></span> <span class='ocrx_word' id='word_1_22' title='bbox 1455 716 1527 780; x_wconf 87' lang='lat' dir='ltr'><strong>in</strong></span> <span class='ocrx_word' id='word_1_23' title='bbox 1556 716 1902 800; x_wconf 82' lang='lat' dir='ltr'><strong>gymnasio</strong></span> <span class='ocrx_word' id='word_1_24' title='bbox 1931 735 2134 798; x_wconf 87' lang='lat' dir='ltr'><strong>super</strong></span> <span class='ocrx_word' id='word_1_25' title='bbox 2161 714 2475 796; x_wconf 84' lang='lat' dir='ltr'><strong>gremium</strong></span> <span class='ocrx_word' id='word_1_26' title='bbox 2501 719 2721 798; x_wconf 88' lang='lat' dir='ltr'><strong>pueri,</strong></span> 
     </span>
     <span class='ocr_line' id='line_1_5' title="bbox 539 813 2721 902; baseline -0.001 -20"><span class='ocrx_word' id='word_1_27' title='bbox 539 837 671 902; x_wconf 87' lang='lat' dir='ltr'><strong>quo</strong></span> <span class='ocrx_word' id='word_1_28' title='bbox 704 819 900 882; x_wconf 86' lang='lat' dir='ltr'><strong>unice</strong></span> <span class='ocrx_word' id='word_1_29' title='bbox 920 824 971 865; x_wconf 79' lang='lat'><strong>³⁵</strong></span> <span class='ocrx_word' id='word_1_30' title='bbox 1015 816 1493 893; x_wconf 79' lang='lat' dir='ltr'><strong>delectabatur,</strong></span> <span class='ocrx_word' id='word_1_31' title='bbox 1523 816 1746 898; x_wconf 87' lang='lat' dir='ltr'><strong>capite</strong></span> <span class='ocrx_word' id='word_1_32' title='bbox 1787 814 2014 898; x_wconf 87' lang='lat' dir='ltr'><strong>posito</strong></span> <span class='ocrx_word' id='word_1_33' title='bbox 2043 814 2252 897; x_wconf 80' lang='lat' dir='ltr'><strong>quieti</strong></span> <span class='ocrx_word' id='word_1_34' title='bbox 2279 833 2352 877; x_wconf 90' lang='lat' dir='ltr'><strong>se</strong></span> <span class='ocrx_word' id='word_1_35' title='bbox 2394 813 2721 894; x_wconf 84' lang='lat' dir='ltr'><strong>dedisset,</strong></span> 
     </span>
     <span class='ocr_line' id='line_1_6' title="bbox 538 915 2726 1001; baseline -0.002 -18"><span class='ocrx_word' id='word_1_36' title='bbox 538 938 675 983; x_wconf 84' lang='lat' dir='ltr'><strong>non</strong></span> <span class='ocrx_word' id='word_1_37' title='bbox 717 920 906 1001; x_wconf 88' lang='lat' dir='ltr'><strong>prius</strong></span> <span class='ocrx_word' id='word_1_38' title='bbox 956 918 1328 984; x_wconf 75' lang='lat' dir='ltr'><strong>decessisse</strong></span> <span class='ocrx_word' id='word_1_39' title='bbox 1358 917 1656 999; x_wconf 79' lang='lat' dir='ltr'><strong>cognitus</strong></span> <span class='ocrx_word' id='word_1_40' title='bbox 1685 924 1814 994; x_wconf 90' lang='lat' dir='ltr'><strong>est,</strong></span> <span class='ocrx_word' id='word_1_41' title='bbox 1865 935 2062 999; x_wconf 91' lang='lat' dir='ltr'><strong>quam</strong></span> <span class='ocrx_word' id='word_1_42' title='bbox 2108 915 2611 998; x_wconf 83' lang='lat' dir='ltr'><strong>gymnasiarcha</strong></span> <span class='ocrx_word' id='word_1_43' title='bbox 2632 916 2726 964; x_wconf 75' lang='lat'><strong>³⁶‘</strong></span> 
     </span>
     <span class='ocr_line' id='line_1_7' title="bbox 539 1017 2718 1102; baseline -0.001 -20"><span class='ocrx_word' id='word_1_44' title='bbox 539 1019 847 1084; x_wconf 77' lang='lat' dir='ltr'><strong>claudere</strong></span> <span class='ocrx_word' id='word_1_45' title='bbox 864 1018 1009 1102; x_wconf 86' lang='lat' dir='ltr'><strong>jam</strong></span> <span class='ocrx_word' id='word_1_46' title='bbox 1042 1037 1196 1082; x_wconf 87' lang='lat' dir='ltr'><strong>eum</strong></span> <span class='ocrx_word' id='word_1_47' title='bbox 1224 1019 1449 1082; x_wconf 89' lang='lat' dir='ltr'><strong>locum</strong></span> <span class='ocrx_word' id='word_1_48' title='bbox 1475 1019 1764 1095; x_wconf 84' lang='lat' dir='ltr'><strong>volente,</strong></span> <span class='ocrx_word' id='word_1_49' title='bbox 1791 1017 2232 1100; x_wconf 84' lang='lat' dir='ltr'><strong>nequicquam</strong></span> <span class='ocrx_word' id='word_1_50' title='bbox 2260 1017 2718 1080; x_wconf 57' lang='lat' dir='ltr'><strong>excitaretur!</strong></span> 
     </span>
     <span class='ocr_line' id='line_1_8' title="bbox 540 1114 2718 1200; baseline -0.001 -17"><span class='ocrx_word' id='word_1_51' title='bbox 540 1117 666 1183; x_wconf 87' lang='lat' dir='ltr'><strong>Cui</strong></span> <span class='ocrx_word' id='word_1_52' title='bbox 700 1118 969 1200; x_wconf 90' lang='lat' dir='ltr'><strong>quidem</strong></span> <span class='ocrx_word' id='word_1_53' title='bbox 998 1117 1380 1182; x_wconf 87' lang='lat' dir='ltr'><strong>crediderim</strong></span> <span class='ocrx_word' id='word_1_54' title='bbox 1408 1114 1642 1182; x_wconf 90' lang='lat' dir='ltr'><strong>eadem</strong></span> <span class='ocrx_word' id='word_1_55' title='bbox 1669 1118 2078 1198; x_wconf 82' lang='lat' dir='ltr'><strong>benig-nitate</strong></span> <span class='ocrx_word' id='word_1_56' title='bbox 2113 1117 2428 1194; x_wconf 87' lang='lat' dir='ltr'><strong>Deorum,</strong></span> <span class='ocrx_word' id='word_1_57' title='bbox 2460 1122 2528 1181; x_wconf 92' lang='lat' dir='ltr'><strong>et</strong></span> <span class='ocrx_word' id='word_1_58' title='bbox 2569 1123 2718 1181; x_wconf 88' lang='lat' dir='ltr'><strong>tan-</strong></span> 
     </span>
     <span class='ocr_line' id='line_1_9' title="bbox 539 1215 2722 1301; baseline -0.001 -18"><span class='ocrx_word' id='word_1_59' title='bbox 539 1225 677 1283; x_wconf 88' lang='lat' dir='ltr'><strong>tum</strong></span> <span class='ocrx_word' id='word_1_60' title='bbox 707 1216 995 1301; x_wconf 65' lang='lat' dir='ltr'><strong>poeticae</strong></span> <span class='ocrx_word' id='word_1_61' title='bbox 1025 1217 1380 1295; x_wconf 73' lang='lat' dir='ltr'><strong>facunffiae,</strong></span> <span class='ocrx_word' id='word_1_62' title='bbox 1404 1224 1477 1282; x_wconf 90' lang='lat' dir='ltr'><strong>et</strong></span> <span class='ocrx_word' id='word_1_63' title='bbox 1498 1222 1630 1282; x_wconf 88' lang='lat' dir='ltr'><strong>tam</strong></span> <span class='ocrx_word' id='word_1_64' title='bbox 1663 1217 2000 1300; x_wconf 85' lang='lat' dir='ltr'><strong>placidum</strong></span> <span class='ocrx_word' id='word_1_65' title='bbox 2022 1216 2182 1282; x_wconf 64' lang='lat' dir='ltr'><strong>vitaz·</strong></span> <span class='ocrx_word' id='word_1_66' title='bbox 2213 1215 2410 1280; x_wconf 84' lang='lat' dir='ltr'><strong>finem</strong></span> <span class='ocrx_word' id='word_1_67' title='bbox 2442 1217 2722 1282; x_wconf 87' lang='lat' dir='ltr'><strong>attribu-</strong></span> 
     </span>
    </p>

    <p class='ocr_par' dir='ltr' id='par_1_4' title="bbox 538 1416 2722 1783">
     <span class='ocr_line' id='line_1_10' title="bbox 625 1416 2720 1502; baseline -0 -19"><span class='ocrx_word' id='word_1_68' title='bbox 625 1417 693 1484; x_wconf 85' lang='lat'><strong>8.</strong></span> <span class='ocrx_word' id='word_1_69' title='bbox 740 1419 935 1483; x_wconf 86' lang='lat' dir='ltr'><strong>Sicut</strong></span> <span class='ocrx_word' id='word_1_70' title='bbox 962 1417 1413 1482; x_wconf 80' lang='lat' dir='ltr'><strong>Anacreonti¹²</strong></span> <span class='ocrx_word' id='word_1_71' title='bbox 1465 1436 1754 1502; x_wconf 86' lang='lat' dir='ltr'><strong>quoque,</strong></span> <span class='ocrx_word' id='word_1_72' title='bbox 1781 1416 2094 1502; x_wconf 84' lang='lat' dir='ltr'><strong>quamvis</strong></span> <span class='ocrx_word' id='word_1_73' title='bbox 2129 1421 2379 1480; x_wconf 87' lang='lat' dir='ltr'><strong>statum</strong></span> <span class='ocrx_word' id='word_1_74' title='bbox 2409 1417 2720 1482; x_wconf 68' lang='lat' dir='ltr'><strong>humanae</strong></span> 
     </span>
     <span class='ocr_line' id='line_1_11' title="bbox 538 1518 2722 1601; baseline -0.001 -19"><span class='ocrx_word' id='word_1_75' title='bbox 538 1519 701 1584; x_wconf 73' lang='lat' dir='ltr'><strong>vitae</strong></span> <span class='ocrx_word' id='word_1_76' title='bbox 727 1518 998 1582; x_wconf 87' lang='lat' dir='ltr'><strong>modum</strong></span> <span class='ocrx_word' id='word_1_77' title='bbox 1026 1536 1495 1600; x_wconf 84' lang='lat' dir='ltr'><strong>supergresso:</strong></span> <span class='ocrx_word' id='word_1_78' title='bbox 1543 1537 1743 1601; x_wconf 90' lang='lat' dir='ltr'><strong>quem</strong></span> <span class='ocrx_word' id='word_1_79' title='bbox 1787 1537 1938 1582; x_wconf 74' lang='lat' dir='ltr'><strong>uvae</strong></span> <span class='ocrx_word' id='word_1_80' title='bbox 1987 1536 2214 1600; x_wconf 85' lang='lat' dir='ltr'><strong>passae</strong></span> <span class='ocrx_word' id='word_1_81' title='bbox 2256 1535 2460 1580; x_wconf 88' lang='lat' dir='ltr'><strong>succo</strong></span> <span class='ocrx_word' id='word_1_82' title='bbox 2489 1524 2722 1581; x_wconf 79' lang='lat' dir='ltr'><strong>tenues</strong></span> 
     </span>
     <span class='ocr_line' id='line_1_12' title="bbox 541 1617 2721 1701; baseline -0.001 -17"><span class='ocrx_word' id='word_1_83' title='bbox 541 1625 612 1684; x_wconf 85' lang='lat' dir='ltr'><strong>et</strong></span> <span class='ocrx_word' id='word_1_84' title='bbox 639 1617 858 1683; x_wconf 86' lang='lat' dir='ltr'><strong>exiles</strong></span> <span class='ocrx_word' id='word_1_85' title='bbox 886 1618 1127 1682; x_wconf 82' lang='lat' dir='ltr'><strong>virium</strong></span> <span class='ocrx_word' id='word_1_86' title='bbox 1171 1618 1486 1701; x_wconf 87' lang='lat' dir='ltr'><strong>reliquias</strong></span> <span class='ocrx_word' id='word_1_87' title='bbox 1516 1619 1844 1682; x_wconf 83' lang='lat' dir='ltr'><strong>foventem</strong></span> <span class='ocrx_word' id='word_1_88' title='bbox 1862 1625 1916 1666; x_wconf 80' lang='lat'><strong>³⁷</strong></span> <span class='ocrx_word' id='word_1_89' title='bbox 1960 1617 2154 1681; x_wconf 88' lang='lat' dir='ltr'><strong>unius</strong></span> <span class='ocrx_word' id='word_1_90' title='bbox 2201 1617 2382 1698; x_wconf 86' lang='lat' dir='ltr'><strong>grani</strong></span> <span class='ocrx_word' id='word_1_91' title='bbox 2432 1618 2721 1701; x_wconf 87' lang='lat' dir='ltr'><strong>pertina-</strong></span> 
     </span>
     <span class='ocr_line' id='line_1_13' title="bbox 542 1717 1983 1783; baseline -0.002 -2"><span class='ocrx_word' id='word_1_92' title='bbox 542 1717 689 1781; x_wconf 87' lang='lat' dir='ltr'><strong>cior</strong></span> <span class='ocrx_word' id='word_1_93' title='bbox 713 1718 785 1782; x_wconf 91' lang='lat' dir='ltr'><strong>in</strong></span> <span class='ocrx_word' id='word_1_94' title='bbox 813 1717 1017 1782; x_wconf 88' lang='lat' dir='ltr'><strong>aridis</strong></span> <span class='ocrx_word' id='word_1_95' title='bbox 1045 1717 1351 1783; x_wconf 81' lang='lat' dir='ltr'><strong>faucibus</strong></span> <span class='ocrx_word' id='word_1_96' title='bbox 1375 1719 1611 1782; x_wconf 88' lang='lat' dir='ltr'><strong>humor</strong></span> <span class='ocrx_word' id='word_1_97' title='bbox 1639 1717 1983 1781; x_wconf 86' lang='lat' dir='ltr'><strong>absumsit.</strong></span> 
     </span>
    </p>
   </div>
   <div class='ocr_carea' id='block_1_3' title="bbox 603 1897 2399 1962">
    <p class='ocr_par' dir='ltr' id='par_1_5' title="bbox 603 1897 2399 1962">
     <span class='ocr_line' id='line_1_14' title="bbox 603 1897 2399 1962; baseline -0.001 -14"><span class='ocrx_word' id='word_1_98' title='bbox 603 1897 621 1930; x_wconf 71' lang='lat'>¹</span> <span class='ocrx_word' id='word_1_99' title='bbox 644 1899 917 1950; x_wconf 65' lang='lat' dir='ltr'><strong>mmm</strong></span> <span class='ocrx_word' id='word_1_100' title='bbox 934 1904 1110 1962; x_wconf 70' lang='lat' dir='ltr'><strong>guttur</strong></span> <span class='ocrx_word' id='word_1_101' title='bbox 1127 1900 1271 1950; x_wconf 69' lang='lat' dir='ltr'><strong>nense</strong></span> <span class='ocrx_word' id='word_1_102' title='bbox 1293 1898 1628 1950; x_wconf 65' lang='lat' dir='ltr'><strong>nemmem</strong></span> <span class='ocrx_word' id='word_1_103' title='bbox 1642 1904 1691 1948; x_wconf 79' lang='lat' dir='ltr'><strong>ee</strong></span> <span class='ocrx_word' id='word_1_104' title='bbox 1711 1897 1937 1947; x_wconf 64' lang='lat' dir='ltr'><strong>mim-z</strong></span> <span class='ocrx_word' id='word_1_105' title='bbox 1956 1897 2155 1961; x_wconf 70' lang='lat' dir='ltr'><strong>epiricus</strong></span> <span class='ocrx_word' id='word_1_106' title='bbox 2171 1897 2399 1946; x_wconf 56' lang='lat' dir='ltr'><strong>mutua.</strong></span> 
     </span>
    </p>
   </div>
   <div class='ocr_carea' id='block_1_4' title="bbox 1451 2023 1809 2044">
    <p class='ocr_par' dir='ltr' id='par_1_6' title="bbox 1451 2023 1809 2044">
     <span class='ocr_line' id='line_1_15' title="bbox 1451 2023 1809 2044; baseline -0.003 -1"><span class='ocrx_word' id='word_1_107' title='bbox 1451 2023 1809 2044; x_wconf 56' lang='lat' dir='ltr'><strong>”mom</strong></span> 
     </span>
    </p>
   </div>
   <div class='ocr_carea' id='block_1_5' title="bbox 531 2120 2726 3456">
    <p class='ocr_par' dir='ltr' id='par_1_7' title="bbox 531 2120 2726 3456">
     <span class='ocr_line' id='line_1_16' title="bbox 539 2120 2726 2185; baseline -0 -16"><span class='ocrx_word' id='word_1_108' title='bbox 539 2126 671 2170; x_wconf 69' lang='lat'><strong>—24</strong></span> <span class='ocrx_word' id='word_1_109' title='bbox 701 2121 862 2172; x_wconf 86' lang='lat' dir='ltr'><strong>Barb.</strong></span> <span class='ocrx_word' id='word_1_110' title='bbox 883 2125 928 2171; x_wconf 92' lang='lat'><strong>1.</strong></span> <span class='ocrx_word' id='word_1_111' title='bbox 946 2121 1113 2171; x_wconf 78' lang='lat' dir='ltr'><strong>solibn&#39;</strong></span> <span class='ocrx_word' id='word_1_112' title='bbox 1130 2122 1305 2184; x_wconf 72' lang='lat' dir='ltr'><strong>spiritu</strong></span> <span class='ocrx_word' id='word_1_113' title='bbox 1318 2122 1529 2184; x_wconf 75' lang='lat' dir='ltr'><strong>privavit</strong></span> <span class='ocrx_word' id='word_1_114' title='bbox 1544 2138 1566 2180; x_wconf 83' lang='lat'><strong>,-</strong></span> <span class='ocrx_word' id='word_1_115' title='bbox 1603 2122 1750 2172; x_wconf 80' lang='lat' dir='ltr'><strong>Leid.</strong></span> <span class='ocrx_word' id='word_1_116' title='bbox 1775 2126 1822 2172; x_wconf 91' lang='grc'><strong>1.</strong></span> <span class='ocrx_word' id='word_1_117' title='bbox 1844 2123 2000 2171; x_wconf 83' lang='lat' dir='ltr'><strong>etiam</strong></span> <span class='ocrx_word' id='word_1_118' title='bbox 2019 2121 2194 2185; x_wconf 71' lang='lat' dir='ltr'><strong>spirits</strong></span> <span class='ocrx_word' id='word_1_119' title='bbox 2210 2138 2231 2180; x_wconf 84' lang='lat'><strong>,-</strong></span> <span class='ocrx_word' id='word_1_120' title='bbox 2252 2126 2359 2170; x_wconf 85' lang='lat' dir='ltr'><strong>tres</strong></span> <span class='ocrx_word' id='word_1_121' title='bbox 2377 2120 2466 2174; x_wconf 75' lang='lat' dir='ltr'><strong>alii.</strong></span> <span class='ocrx_word' id='word_1_122' title='bbox 2479 2120 2726 2182; x_wconf 69' lang='grc' dir='ltr'><strong>ςταωσίἐ.</strong></span> 
     </span>
     <span class='ocr_line' id='line_1_17' title="bbox 536 2185 2724 2248; baseline 0 -16"><span class='ocrx_word' id='word_1_123' title='bbox 536 2188 665 2232; x_wconf 73' lang='grc'><strong>-86</strong></span> <span class='ocrx_word' id='word_1_124' title='bbox 702 2186 849 2234; x_wconf 84' lang='lat' dir='ltr'><strong>Harl.</strong></span> <span class='ocrx_word' id='word_1_125' title='bbox 873 2185 1035 2234; x_wconf 85' lang='lat' dir='ltr'><strong>Barb.</strong></span> <span class='ocrx_word' id='word_1_126' title='bbox 1069 2190 1117 2233; x_wconf 90' lang='lat'><strong>1.</strong></span> <span class='ocrx_word' id='word_1_127' title='bbox 1153 2193 1209 2233; x_wconf 88' lang='lat' dir='ltr'><strong>et</strong></span> <span class='ocrx_word' id='word_1_128' title='bbox 1249 2185 1393 2233; x_wconf 84' lang='lat' dir='ltr'><strong>Leid.</strong></span> <span class='ocrx_word' id='word_1_129' title='bbox 1418 2189 1466 2233; x_wconf 84' lang='lat'><strong>6.</strong></span> <span class='ocrx_word' id='word_1_130' title='bbox 1516 2201 1604 2246; x_wconf 77' lang='lat' dir='ltr'><strong>quo</strong></span> <span class='ocrx_word' id='word_1_131' title='bbox 1640 2187 1793 2234; x_wconf 73' lang='lat' dir='ltr'><strong>unico.</strong></span> <span class='ocrx_word' id='word_1_132' title='bbox 1829 2187 1956 2234; x_wconf 86' lang='lat' dir='ltr'><strong>Mox</strong></span> <span class='ocrx_word' id='word_1_133' title='bbox 1993 2188 2194 2235; x_wconf 76' lang='lat' dir='ltr'><strong>Donec.</strong></span> <span class='ocrx_word' id='word_1_134' title='bbox 2229 2186 2384 2248; x_wconf 53' lang='lat' dir='ltr'><strong>capite</strong></span> <span class='ocrx_word' id='word_1_135' title='bbox 2413 2186 2724 2234; x_wconf 73' lang='lat' dir='ltr'><strong>inclinato.—</strong></span> 
     </span>
     <span class='ocr_line' id='line_1_18' title="bbox 538 2246 2721 2310; baseline -0.001 -14"><span class='ocrx_word' id='word_1_136' title='bbox 538 2251 604 2296; x_wconf 74' lang='lat'><strong>⁸⁶</strong></span> <span class='ocrx_word' id='word_1_137' title='bbox 625 2248 819 2296; x_wconf 70' lang='lat' dir='ltr'><strong>Brund.</strong></span> <span class='ocrx_word' id='word_1_138' title='bbox 842 2253 887 2295; x_wconf 93' lang='lat'><strong>1.</strong></span> <span class='ocrx_word' id='word_1_139' title='bbox 908 2251 957 2295; x_wconf 78' lang='lat'><strong>2.</strong></span> <span class='ocrx_word' id='word_1_140' title='bbox 977 2248 1352 2310; x_wconf 68' lang='lat' dir='ltr'><strong>gymnasiarcho.</strong></span> <span class='ocrx_word' id='word_1_141' title='bbox 1375 2246 1458 2296; x_wconf 84' lang='lat' dir='ltr'><strong>ef.</strong></span> <span class='ocrx_word' id='word_1_142' title='bbox 1481 2261 1559 2295; x_wconf 77' lang='lat' dir='ltr'><strong>rx.</strong></span> <span class='ocrx_word' id='word_1_143' title='bbox 1589 2253 1668 2298; x_wconf 84' lang='lat'><strong>1⁰.</strong></span> <span class='ocrx_word' id='word_1_144' title='bbox 1695 2250 1813 2298; x_wconf 83' lang='lat' dir='ltr'><strong>Ext.</strong></span> <span class='ocrx_word' id='word_1_145' title='bbox 1841 2253 2020 2308; x_wconf 68' lang='lat' dir='ltr'><strong>²·r-S?</strong></span> <span class='ocrx_word' id='word_1_146' title='bbox 2058 2250 2176 2298; x_wconf 87' lang='lat' dir='ltr'><strong>Hoc</strong></span> <span class='ocrx_word' id='word_1_147' title='bbox 2193 2263 2225 2297; x_wconf 82' lang='lat' dir='ltr'><strong>a</strong></span> <span class='ocrx_word' id='word_1_148' title='bbox 2245 2249 2422 2310; x_wconf 83' lang='lat' dir='ltr'><strong>Pighio</strong></span> <span class='ocrx_word' id='word_1_149' title='bbox 2443 2255 2542 2308; x_wconf 88' lang='lat' dir='ltr'><strong>est,</strong></span> <span class='ocrx_word' id='word_1_150' title='bbox 2561 2262 2721 2310; x_wconf 83' lang='lat' dir='ltr'><strong>quem</strong></span> 
     </span>
     <span class='ocr_line' id='line_1_19' title="bbox 538 2309 2721 2376; baseline -0 -17"><span class='ocrx_word' id='word_1_151' title='bbox 538 2323 717 2359; x_wconf 84' lang='lat' dir='ltr'><strong>omnes</strong></span> <span class='ocrx_word' id='word_1_152' title='bbox 735 2309 821 2357; x_wconf 84' lang='lat' dir='ltr'><strong>alii</strong></span> <span class='ocrx_word' id='word_1_153' title='bbox 844 2311 1013 2358; x_wconf 81' lang='lat' dir='ltr'><strong>securi</strong></span> <span class='ocrx_word' id='word_1_154' title='bbox 1033 2316 1170 2358; x_wconf 87' lang='lat' dir='ltr'><strong>suut.</strong></span> <span class='ocrx_word' id='word_1_155' title='bbox 1204 2315 1221 2337; x_wconf 81' lang='lat'><strong>⁴</strong></span> <span class='ocrx_word' id='word_1_156' title='bbox 1237 2311 1344 2359; x_wconf 85' lang='lat' dir='ltr'><strong>Bit.</strong></span> <span class='ocrx_word' id='word_1_157' title='bbox 1362 2311 1510 2372; x_wconf 84' lang='lat' dir='ltr'><strong>prim.</strong></span> <span class='ocrx_word' id='word_1_158' title='bbox 1533 2326 1666 2373; x_wconf 77' lang='lat' dir='ltr'><strong>quem</strong></span> <span class='ocrx_word' id='word_1_159' title='bbox 1687 2313 1772 2360; x_wconf 78' lang='lat' dir='ltr'><strong>vix</strong></span> <span class='ocrx_word' id='word_1_160' title='bbox 1789 2317 1967 2361; x_wconf 76' lang='lat' dir='ltr'><strong>statum</strong></span> <span class='ocrx_word' id='word_1_161' title='bbox 1981 2329 2002 2371; x_wconf 93' lang='lat'><strong>,·</strong></span> <span class='ocrx_word' id='word_1_162' title='bbox 2027 2313 2172 2362; x_wconf 82' lang='lat' dir='ltr'><strong>Leid.</strong></span> <span class='ocrx_word' id='word_1_163' title='bbox 2194 2319 2360 2376; x_wconf 83' lang='lat' dir='ltr'><strong>quart.</strong></span> <span class='ocrx_word' id='word_1_164' title='bbox 2382 2310 2591 2374; x_wconf 75' lang='lat' dir='ltr'><strong>quemvis</strong></span> <span class='ocrx_word' id='word_1_165' title='bbox 2609 2316 2721 2358; x_wconf 69' lang='lat' dir='ltr'><strong>tun·</strong></span> 
     </span>
     <span class='ocr_line' id='line_1_20' title="bbox 537 2373 2726 2438; baseline -0 -15"><span class='ocrx_word' id='word_1_166' title='bbox 537 2379 676 2429; x_wconf 71' lang='lat' dir='ltr'><strong>tum:</strong></span> <span class='ocrx_word' id='word_1_167' title='bbox 707 2373 854 2422; x_wconf 88' lang='lat' dir='ltr'><strong>Leid.</strong></span> <span class='ocrx_word' id='word_1_168' title='bbox 896 2375 1061 2435; x_wconf 86' lang='lat' dir='ltr'><strong>quint.</strong></span> <span class='ocrx_word' id='word_1_169' title='bbox 1093 2387 1225 2435; x_wconf 70' lang='lat' dir='ltr'><strong>quem</strong></span> <span class='ocrx_word' id='word_1_170' title='bbox 1256 2373 1348 2421; x_wconf 80' lang='lat' dir='ltr'><strong>iste</strong></span> <span class='ocrx_word' id='word_1_171' title='bbox 1380 2379 1594 2432; x_wconf 57' lang='lat' dir='ltr'><strong>statium·</strong></span> <span class='ocrx_word' id='word_1_172' title='bbox 1631 2375 1820 2438; x_wconf 83' lang='lat' dir='ltr'><strong>Ultrsj.</strong></span> <span class='ocrx_word' id='word_1_173' title='bbox 1853 2390 1957 2424; x_wconf 86' lang='lat' dir='ltr'><strong>sec.</strong></span> <span class='ocrx_word' id='word_1_174' title='bbox 1997 2383 2053 2424; x_wconf 85' lang='lat' dir='ltr'><strong>et</strong></span> <span class='ocrx_word' id='word_1_175' title='bbox 2089 2377 2235 2438; x_wconf 76' lang='lat' dir='ltr'><strong>Mog-</strong></span> <span class='ocrx_word' id='word_1_176' title='bbox 2264 2391 2396 2438; x_wconf 62' lang='grc' dir='ltr'><strong>(μω</strong></span> <span class='ocrx_word' id='word_1_177' title='bbox 2417 2375 2726 2430; x_wconf 58' lang='lat' dir='ltr'><strong>bissinam,-</strong></span> 
     </span>
     <span class='ocr_line' id='line_1_21' title="bbox 536 2435 2719 2502; baseline 0 -15"><span class='ocrx_word' id='word_1_178' title='bbox 536 2435 730 2494; x_wconf 82' lang='lat' dir='ltr'><strong>Ceteri,</strong></span> <span class='ocrx_word' id='word_1_179' title='bbox 746 2451 883 2500; x_wconf 75' lang='lat' dir='ltr'><strong>quem</strong></span> <span class='ocrx_word' id='word_1_180' title='bbox 899 2436 970 2485; x_wconf 71' lang='lat' dir='ltr'><strong>bis</strong></span> <span class='ocrx_word' id='word_1_181' title='bbox 986 2441 1183 2486; x_wconf 74' lang='lat' dir='ltr'><strong>tantum.</strong></span> <span class='ocrx_word' id='word_1_182' title='bbox 1250 2436 1349 2487; x_wconf 86' lang='lat' dir='ltr'><strong>Sed</strong></span> <span class='ocrx_word' id='word_1_183' title='bbox 1372 2451 1545 2487; x_wconf 80' lang='lat' dir='ltr'><strong>omnes</strong></span> <span class='ocrx_word' id='word_1_184' title='bbox 1564 2439 1770 2501; x_wconf 87' lang='lat' dir='ltr'><strong>scripti,</strong></span> <span class='ocrx_word' id='word_1_185' title='bbox 1784 2453 2130 2502; x_wconf 74' lang='lat' dir='ltr'><strong>supergressum</strong></span> <span class='ocrx_word' id='word_1_186' title='bbox 2152 2441 2399 2499; x_wconf 84' lang='lat' dir='ltr'><strong>retinent,</strong></span> <span class='ocrx_word' id='word_1_187' title='bbox 2419 2439 2518 2489; x_wconf 87' lang='lat' dir='ltr'><strong>hoc</strong></span> <span class='ocrx_word' id='word_1_188' title='bbox 2533 2437 2686 2488; x_wconf 86' lang='lat' dir='ltr'><strong>modo</strong></span> <span class='ocrx_word' id='word_1_189' title='bbox 2702 2453 2719 2487; x_wconf 73' lang='lat' dir='ltr'><strong>t</strong></span> 
     </span>
     <span class='ocr_line' id='line_1_22' title="bbox 538 2501 2722 2566; baseline 0 -16"><span class='ocrx_word' id='word_1_190' title='bbox 538 2502 753 2550; x_wconf 65' lang='lat' dir='ltr'><strong>humum</strong></span> <span class='ocrx_word' id='word_1_191' title='bbox 773 2502 887 2551; x_wconf 61' lang='grc' dir='ltr'><strong>υἱέα</strong></span> <span class='ocrx_word' id='word_1_192' title='bbox 906 2516 1271 2565; x_wconf 70' lang='lat' dir='ltr'><strong>supergressum,</strong></span> <span class='ocrx_word' id='word_1_193' title='bbox 1294 2504 1405 2551; x_wconf 74' lang='lat' dir='ltr'><strong>dum</strong></span> <span class='ocrx_word' id='word_1_194' title='bbox 1423 2516 1526 2549; x_wconf 76' lang='lat' dir='ltr'><strong>svae</strong></span> <span class='ocrx_word' id='word_1_195' title='bbox 1539 2517 1708 2565; x_wconf 71' lang='lat' dir='ltr'><strong>passe,</strong></span> <span class='ocrx_word' id='word_1_196' title='bbox 1729 2506 1808 2564; x_wconf 65' lang='grc'><strong>«3-0.</strong></span> <span class='ocrx_word' id='word_1_197' title='bbox 1831 2504 1954 2553; x_wconf 74' lang='lat' dir='ltr'><strong>eires</strong></span> <span class='ocrx_word' id='word_1_198' title='bbox 1973 2505 2190 2564; x_wconf 73' lang='lat' dir='ltr'><strong>foveret.-</strong></span> <span class='ocrx_word' id='word_1_199' title='bbox 2223 2505 2277 2552; x_wconf 83' lang='lat' dir='ltr'><strong>in</strong></span> <span class='ocrx_word' id='word_1_200' title='bbox 2299 2504 2481 2566; x_wconf 83' lang='lat' dir='ltr'><strong>quibus</strong></span> <span class='ocrx_word' id='word_1_201' title='bbox 2504 2501 2722 2564; x_wconf 78' lang='lat' dir='ltr'><strong>Pighius</strong></span> 
     </span>
     <span class='ocr_line' id='line_1_23' title="bbox 538 2564 2723 2627; baseline -0.001 -12"><span class='ocrx_word' id='word_1_202' title='bbox 538 2564 695 2615; x_wconf 82' lang='lat' dir='ltr'><strong>etiam</strong></span> <span class='ocrx_word' id='word_1_203' title='bbox 718 2568 829 2615; x_wconf 77' lang='lat' dir='ltr'><strong>dum</strong></span> <span class='ocrx_word' id='word_1_204' title='bbox 852 2565 1060 2627; x_wconf 74' lang='lat' dir='ltr'><strong>foveret,</strong></span> <span class='ocrx_word' id='word_1_205' title='bbox 1097 2565 1323 2614; x_wconf 82' lang='lat' dir='ltr'><strong>mutavit</strong></span> <span class='ocrx_word' id='word_1_206' title='bbox 1356 2566 1427 2627; x_wconf 88' lang='lat' dir='ltr'><strong>in,</strong></span> <span class='ocrx_word' id='word_1_207' title='bbox 1459 2580 1595 2627; x_wconf 76' lang='lat' dir='ltr'><strong>quem</strong></span> <span class='ocrx_word' id='word_1_208' title='bbox 1621 2566 1880 2626; x_wconf 76' lang='lat' dir='ltr'><strong>foventem,</strong></span> <span class='ocrx_word' id='word_1_209' title='bbox 1903 2576 1961 2616; x_wconf 89' lang='lat' dir='ltr'><strong>ut</strong></span> <span class='ocrx_word' id='word_1_210' title='bbox 1982 2568 2206 2616; x_wconf 76' lang='lat' dir='ltr'><strong>absumsit</strong></span> <span class='ocrx_word' id='word_1_211' title='bbox 2240 2566 2482 2617; x_wconf 81' lang='lat' dir='ltr'><strong>videlicet</strong></span> <span class='ocrx_word' id='word_1_212' title='bbox 2500 2566 2723 2615; x_wconf 79' lang='lat' dir='ltr'><strong>baberet</strong></span> 
     </span>
     <span class='ocr_line' id='line_1_24' title="bbox 538 2629 2718 2691; baseline 0 -14"><span class='ocrx_word' id='word_1_213' title='bbox 538 2641 685 2677; x_wconf 82' lang='lat' dir='ltr'><strong>suum</strong></span> <span class='ocrx_word' id='word_1_214' title='bbox 709 2630 1074 2678; x_wconf 81' lang='lat' dir='ltr'><strong>accusativum.</strong></span> <span class='ocrx_word' id='word_1_215' title='bbox 1138 2629 1329 2691; x_wconf 83' lang='lat' dir='ltr'><strong>Ultraj.</strong></span> <span class='ocrx_word' id='word_1_216' title='bbox 1367 2630 1516 2690; x_wconf 87' lang='lat' dir='ltr'><strong>prim.</strong></span> <span class='ocrx_word' id='word_1_217' title='bbox 1536 2632 1649 2677; x_wconf 75' lang='lat' dir='ltr'><strong>dum</strong></span> <span class='ocrx_word' id='word_1_218' title='bbox 1680 2630 1889 2689; x_wconf 88' lang='lat' dir='ltr'><strong>omittit,</strong></span> <span class='ocrx_word' id='word_1_219' title='bbox 1912 2639 1967 2680; x_wconf 88' lang='lat' dir='ltr'><strong>et</strong></span> <span class='ocrx_word' id='word_1_220' title='bbox 1991 2630 2410 2690; x_wconf 70' lang='lat' dir='ltr'><strong>liabetfouesten.</strong></span> <span class='ocrx_word' id='word_1_221' title='bbox 2473 2630 2718 2678; x_wconf 79' lang='lat' dir='ltr'><strong>Ceterum</strong></span> 
     </span>
     <span class='ocr_line' id='line_1_25' title="bbox 536 2691 2719 2757; baseline -0 -18"><span class='ocrx_word' id='word_1_222' title='bbox 536 2704 642 2740; x_wconf 84' lang='lat' dir='ltr'><strong>non</strong></span> <span class='ocrx_word' id='word_1_223' title='bbox 668 2692 793 2741; x_wconf 83' lang='lat' dir='ltr'><strong>satis</strong></span> <span class='ocrx_word' id='word_1_224' title='bbox 827 2692 1082 2755; x_wconf 77' lang='lat' dir='ltr'><strong>intelligo,</strong></span> <span class='ocrx_word' id='word_1_225' title='bbox 1117 2706 1266 2755; x_wconf 88' lang='lat' dir='ltr'><strong>quem</strong></span> <span class='ocrx_word' id='word_1_226' title='bbox 1305 2694 1471 2741; x_wconf 88' lang='lat' dir='ltr'><strong>locum</strong></span> <span class='ocrx_word' id='word_1_227' title='bbox 1508 2691 1594 2741; x_wconf 87' lang='lat' dir='ltr'><strong>hic</strong></span> <span class='ocrx_word' id='word_1_228' title='bbox 1633 2695 1795 2755; x_wconf 82' lang='lat' dir='ltr'><strong>possit</strong></span> <span class='ocrx_word' id='word_1_229' title='bbox 1834 2694 2025 2743; x_wconf 85' lang='lat' dir='ltr'><strong>habere</strong></span> <span class='ocrx_word' id='word_1_230' title='bbox 2065 2694 2364 2757; x_wconf 82' lang='lat' dir='ltr'><strong>conjunctio</strong></span> <span class='ocrx_word' id='word_1_231' title='bbox 2395 2692 2719 2741; x_wconf 78' lang='lat' dir='ltr'><strong>adversativa</strong></span> 
     </span>
     <span class='ocr_line' id='line_1_26' title="bbox 535 2754 2719 2821; baseline 0 -18"><span class='ocrx_word' id='word_1_232' title='bbox 535 2758 761 2818; x_wconf 56' lang='lat' dir='ltr'><strong>quaneh.</strong></span> <span class='ocrx_word' id='word_1_233' title='bbox 830 2755 970 2807; x_wconf 84' lang='lat' dir='ltr'><strong>Quid</strong></span> <span class='ocrx_word' id='word_1_234' title='bbox 1012 2755 1147 2804; x_wconf 88' lang='lat' dir='ltr'><strong>enim</strong></span> <span class='ocrx_word' id='word_1_235' title='bbox 1184 2754 1311 2804; x_wconf 86' lang='lat' dir='ltr'><strong>illud</strong></span> <span class='ocrx_word' id='word_1_236' title='bbox 1350 2756 1466 2804; x_wconf 85' lang='lat' dir='ltr'><strong>est?</strong></span> <span class='ocrx_word' id='word_1_237' title='bbox 1502 2754 1795 2816; x_wconf 68' lang='lat' dir='ltr'><strong>benignitate</strong></span> <span class='ocrx_word' id='word_1_238' title='bbox 1838 2758 2036 2805; x_wconf 72' lang='lat' dir='ltr'><strong>Deorum</strong></span> <span class='ocrx_word' id='word_1_239' title='bbox 2068 2762 2166 2806; x_wconf 74' lang='lat' dir='ltr'><strong>tam</strong></span> <span class='ocrx_word' id='word_1_240' title='bbox 2193 2759 2428 2821; x_wconf 75' lang='lat' dir='ltr'><strong>placidum</strong></span> <span class='ocrx_word' id='word_1_241' title='bbox 2446 2756 2719 2820; x_wconf 74' lang='lat' dir='ltr'><strong>vitoefinem</strong></span> 
     </span>
     <span class='ocr_line' id='line_1_27' title="bbox 532 2819 2720 2881; baseline -0 -14"><span class='ocrx_word' id='word_1_242' title='bbox 532 2819 819 2867; x_wconf 74' lang='lat' dir='ltr'><strong>attributum</strong></span> <span class='ocrx_word' id='word_1_243' title='bbox 839 2820 1143 2880; x_wconf 74' lang='lat' dir='ltr'><strong>Anacreonti,</strong></span> <span class='ocrx_word' id='word_1_244' title='bbox 1158 2819 1367 2881; x_wconf 75' lang='lat' dir='ltr'><strong>quamvis</strong></span> <span class='ocrx_word' id='word_1_245' title='bbox 1379 2833 1682 2881; x_wconf 74' lang='lat' dir='ltr'><strong>supergresso</strong></span> <span class='ocrx_word' id='word_1_246' title='bbox 1702 2821 1911 2869; x_wconf 69' lang='lat' dir='ltr'><strong>humone</strong></span> <span class='ocrx_word' id='word_1_247' title='bbox 1930 2822 2045 2869; x_wconf 79' lang='lat' dir='ltr'><strong>eitae</strong></span> <span class='ocrx_word' id='word_1_248' title='bbox 2067 2823 2253 2869; x_wconf 71' lang='lat' dir='ltr'><strong>modum</strong></span> <span class='ocrx_word' id='word_1_249' title='bbox 2267 2838 2284 2870; x_wconf 74' lang='grc' dir='ltr'><strong><em>ε</em></strong></span> <span class='ocrx_word' id='word_1_250' title='bbox 2309 2836 2374 2869; x_wconf 83' lang='lat' dir='ltr'><strong>au</strong></span> <span class='ocrx_word' id='word_1_251' title='bbox 2397 2821 2515 2869; x_wconf 88' lang='lat' dir='ltr'><strong>ideo</strong></span> <span class='ocrx_word' id='word_1_252' title='bbox 2538 2819 2720 2868; x_wconf 89' lang='lat' dir='ltr'><strong>durior</strong></span> 
     </span>
     <span class='ocr_line' id='line_1_28' title="bbox 534 2882 2718 2947; baseline 0.001 -18"><span class='ocrx_word' id='word_1_253' title='bbox 534 2895 661 2945; x_wconf 77' lang='lat' dir='ltr'><strong>ergo</strong></span> <span class='ocrx_word' id='word_1_254' title='bbox 682 2892 737 2931; x_wconf 89' lang='lat' dir='ltr'><strong>et</strong></span> <span class='ocrx_word' id='word_1_255' title='bbox 768 2883 1106 2932; x_wconf 81' lang='lat' dir='ltr'><strong>miserabilior</strong></span> <span class='ocrx_word' id='word_1_256' title='bbox 1138 2882 1252 2931; x_wconf 86' lang='lat' dir='ltr'><strong>finis</strong></span> <span class='ocrx_word' id='word_1_257' title='bbox 1292 2882 1596 2932; x_wconf 82' lang='lat' dir='ltr'><strong>tribuendus</strong></span> <span class='ocrx_word' id='word_1_258' title='bbox 1624 2886 1771 2933; x_wconf 85' lang='lat' dir='ltr'><strong>erat?</strong></span> <span class='ocrx_word' id='word_1_259' title='bbox 1837 2885 1976 2935; x_wconf 81' lang='lat' dir='ltr'><strong>Quid</strong></span> <span class='ocrx_word' id='word_1_260' title='bbox 2000 2885 2041 2931; x_wconf 84' lang='lat' dir='ltr'><strong>si</strong></span> <span class='ocrx_word' id='word_1_261' title='bbox 2064 2886 2331 2947; x_wconf 83' lang='lat' dir='ltr'><strong>legamus?</strong></span> <span class='ocrx_word' id='word_1_262' title='bbox 2362 2886 2485 2933; x_wconf 75' lang='lat' dir='ltr'><strong>sicut</strong></span> <span class='ocrx_word' id='word_1_263' title='bbox 2512 2882 2718 2932; x_wconf 71' lang='lat' dir='ltr'><strong>Anacre-</strong></span> 
     </span>
     <span class='ocr_line' id='line_1_29' title="bbox 534 2946 2720 3010; baseline -0 -16"><span class='ocrx_word' id='word_1_264' title='bbox 534 2947 638 2995; x_wconf 72' lang='lat' dir='ltr'><strong>onti</strong></span> <span class='ocrx_word' id='word_1_265' title='bbox 658 2960 853 3009; x_wconf 74' lang='lat' dir='ltr'><strong>quoque,</strong></span> <span class='ocrx_word' id='word_1_266' title='bbox 885 2961 1020 3009; x_wconf 75' lang='lat' dir='ltr'><strong>quem</strong></span> <span class='ocrx_word' id='word_1_267' title='bbox 1039 2947 1327 2995; x_wconf 74' lang='lat' dir='ltr'><strong>destinatum</strong></span> <span class='ocrx_word' id='word_1_268' title='bbox 1358 2946 1572 2994; x_wconf 72' lang='lat' dir='ltr'><strong>humane</strong></span> <span class='ocrx_word' id='word_1_269' title='bbox 1593 2948 1708 2995; x_wconf 69' lang='lat' dir='ltr'><strong>vita</strong></span> <span class='ocrx_word' id='word_1_270' title='bbox 1735 2949 1919 2995; x_wconf 73' lang='lat' dir='ltr'><strong>modum</strong></span> <span class='ocrx_word' id='word_1_271' title='bbox 1937 2962 2303 3010; x_wconf 75' lang='lat' dir='ltr'><strong>supergressum,</strong></span> <span class='ocrx_word' id='word_1_272' title='bbox 2321 2950 2429 2997; x_wconf 78' lang='lat' dir='ltr'><strong>dum</strong></span> <span class='ocrx_word' id='word_1_273' title='bbox 2448 2962 2551 2995; x_wconf 63' lang='grc' dir='ltr'><strong>ηοω</strong></span> <span class='ocrx_word' id='word_1_274' title='bbox 2568 2960 2720 3009; x_wconf 70' lang='lat' dir='ltr'><strong>pum</strong></span> 
     </span>
     <span class='ocr_line' id='line_1_30' title="bbox 532 3008 2718 3073; baseline 0 -16"><span class='ocrx_word' id='word_1_275' title='bbox 532 3022 668 3057; x_wconf 72' lang='lat' dir='ltr'><strong>succo</strong></span> <span class='ocrx_word' id='word_1_276' title='bbox 685 3014 848 3059; x_wconf 76' lang='lat' dir='ltr'><strong>tenues</strong></span> <span class='ocrx_word' id='word_1_277' title='bbox 868 3015 917 3059; x_wconf 75' lang='lat' dir='ltr'><strong>et</strong></span> <span class='ocrx_word' id='word_1_278' title='bbox 937 3009 1083 3059; x_wconf 76' lang='lat' dir='ltr'><strong>exiles</strong></span> <span class='ocrx_word' id='word_1_279' title='bbox 1098 3010 1273 3058; x_wconf 72' lang='lat' dir='ltr'><strong>virium</strong></span> <span class='ocrx_word' id='word_1_280' title='bbox 1292 3010 1515 3071; x_wconf 75' lang='lat' dir='ltr'><strong>reliquias</strong></span> <span class='ocrx_word' id='word_1_281' title='bbox 1522 3008 1713 3068; x_wconf 81' lang='lat' dir='ltr'><strong>foveret</strong></span> <span class='ocrx_word' id='word_1_282' title='bbox 1724 3027 1746 3069; x_wconf 80' lang='lat'><strong>,-</strong></span> <span class='ocrx_word' id='word_1_283' title='bbox 1781 3018 1835 3059; x_wconf 86' lang='lat' dir='ltr'><strong>ut</strong></span> <span class='ocrx_word' id='word_1_284' title='bbox 1859 3014 2121 3073; x_wconf 84' lang='lat' dir='ltr'><strong>corruptio</strong></span> <span class='ocrx_word' id='word_1_285' title='bbox 2154 3020 2271 3060; x_wconf 77' lang='lat' dir='ltr'><strong>orta</strong></span> <span class='ocrx_word' id='word_1_286' title='bbox 2301 3013 2368 3059; x_wconf 83' lang='lat' dir='ltr'><strong>sit</strong></span> <span class='ocrx_word' id='word_1_287' title='bbox 2391 3026 2453 3059; x_wconf 85' lang='lat' dir='ltr'><strong>ex</strong></span> <span class='ocrx_word' id='word_1_288' title='bbox 2475 3025 2558 3070; x_wconf 85' lang='lat' dir='ltr'><strong>eo,</strong></span> <span class='ocrx_word' id='word_1_289' title='bbox 2579 3009 2718 3073; x_wconf 88' lang='lat' dir='ltr'><strong>quod</strong></span> 
     </span>
     <span class='ocr_line' id='line_1_31' title="bbox 533 3072 2718 3136; baseline 0 -16"><span class='ocrx_word' id='word_1_290' title='bbox 533 3072 830 3133; x_wconf 73' lang='lat' dir='ltr'><strong>distinctum,</strong></span> <span class='ocrx_word' id='word_1_291' title='bbox 850 3075 1098 3136; x_wconf 88' lang='lat' dir='ltr'><strong>scriptum</strong></span> <span class='ocrx_word' id='word_1_292' title='bbox 1122 3074 1378 3121; x_wconf 83' lang='lat' dir='ltr'><strong>invenerit</strong></span> <span class='ocrx_word' id='word_1_293' title='bbox 1398 3072 1636 3135; x_wconf 80' lang='lat' dir='ltr'><strong>fortasse,</strong></span> <span class='ocrx_word' id='word_1_294' title='bbox 1673 3088 1764 3136; x_wconf 89' lang='lat' dir='ltr'><strong>pro</strong></span> <span class='ocrx_word' id='word_1_295' title='bbox 1793 3076 2096 3136; x_wconf 74' lang='lat' dir='ltr'><strong>destinatum,</strong></span> <span class='ocrx_word' id='word_1_296' title='bbox 2118 3082 2175 3123; x_wconf 82' lang='lat' dir='ltr'><strong>ut</strong></span> <span class='ocrx_word' id='word_1_297' title='bbox 2209 3076 2268 3124; x_wconf 82' lang='lat' dir='ltr'><strong>de</strong></span> <span class='ocrx_word' id='word_1_298' title='bbox 2289 3083 2344 3123; x_wconf 87' lang='lat' dir='ltr'><strong>et</strong></span> <span class='ocrx_word' id='word_1_299' title='bbox 2366 3076 2418 3122; x_wconf 80' lang='lat' dir='ltr'><strong>di</strong></span> <span class='ocrx_word' id='word_1_300' title='bbox 2439 3076 2490 3122; x_wconf 86' lang='lat' dir='ltr'><strong>iu</strong></span> <span class='ocrx_word' id='word_1_301' title='bbox 2514 3087 2718 3135; x_wconf 87' lang='lat' dir='ltr'><strong>compo·</strong></span> 
     </span>
     <span class='ocr_line' id='line_1_32' title="bbox 534 3134 2719 3201; baseline 0.001 -20"><span class='ocrx_word' id='word_1_302' title='bbox 534 3134 651 3182; x_wconf 87' lang='lat' dir='ltr'><strong>sitis</strong></span> <span class='ocrx_word' id='word_1_303' title='bbox 695 3136 913 3185; x_wconf 86' lang='lat' dir='ltr'><strong>subinde</strong></span> <span class='ocrx_word' id='word_1_304' title='bbox 957 3136 1169 3185; x_wconf 81' lang='lat' dir='ltr'><strong>fuerunt</strong></span> <span class='ocrx_word' id='word_1_305' title='bbox 1204 3135 1457 3185; x_wconf 64' lang='lat' dir='ltr'><strong>confusa!</strong></span> <span class='ocrx_word' id='word_1_306' title='bbox 1492 3136 1684 3186; x_wconf 76' lang='lat' dir='ltr'><strong>Torreu.</strong></span> <span class='ocrx_word' id='word_1_307' title='bbox 1748 3139 1764 3165; x_wconf 89' lang='lat'>‘</span> <span class='ocrx_word' id='word_1_308' title='bbox 1785 3138 1894 3201; x_wconf 84' lang='lat' dir='ltr'><strong>Ego</strong></span> <span class='ocrx_word' id='word_1_309' title='bbox 1938 3152 2040 3187; x_wconf 89' lang='lat' dir='ltr'><strong>nou</strong></span> <span class='ocrx_word' id='word_1_310' title='bbox 2085 3138 2286 3197; x_wconf 86' lang='lat' dir='ltr'><strong>dubito,</strong></span> <span class='ocrx_word' id='word_1_311' title='bbox 2323 3139 2444 3201; x_wconf 87' lang='lat' dir='ltr'><strong>quin</strong></span> <span class='ocrx_word' id='word_1_312' title='bbox 2482 3138 2719 3187; x_wconf 81' lang='lat' dir='ltr'><strong>Valerius</strong></span> 
     </span>
     <span class='ocr_line' id='line_1_33' title="bbox 534 3198 2718 3263; baseline 0.002 -19"><span class='ocrx_word' id='word_1_313' title='bbox 534 3198 833 3259; x_wconf 83' lang='lat' dir='ltr'><strong>scripserit:</strong></span> <span class='ocrx_word' id='word_1_314' title='bbox 876 3214 1011 3263; x_wconf 71' lang='lat' dir='ltr'><strong>quem</strong></span> <span class='ocrx_word' id='word_1_315' title='bbox 1054 3200 1562 3262; x_wconf 62' lang='lat' dir='ltr'><strong>bis....supergremm,</strong></span> <span class='ocrx_word' id='word_1_316' title='bbox 1600 3200 1980 3261; x_wconf 64' lang='lat' dir='ltr'><strong>duni...,foveret,</strong></span> <span class='ocrx_word' id='word_1_317' title='bbox 2019 3203 2052 3249; x_wconf 91' lang='lat' dir='ltr'><strong>i.</strong></span> <span class='ocrx_word' id='word_1_318' title='bbox 2093 3216 2141 3251; x_wconf 88' lang='lat' dir='ltr'><strong>e.</strong></span> <span class='ocrx_word' id='word_1_319' title='bbox 2177 3203 2278 3253; x_wconf 85' lang='lat' dir='ltr'><strong>Qui</strong></span> <span class='ocrx_word' id='word_1_320' title='bbox 2316 3216 2433 3250; x_wconf 83' lang='lat' dir='ltr'><strong>cum</strong></span> <span class='ocrx_word' id='word_1_321' title='bbox 2473 3202 2538 3249; x_wconf 90' lang='lat' dir='ltr'><strong>ad</strong></span> <span class='ocrx_word' id='word_1_322' title='bbox 2583 3214 2718 3249; x_wconf 85' lang='lat' dir='ltr'><strong>sum-</strong></span> 
     </span>
     <span class='ocr_line' id='line_1_34' title="bbox 534 3261 2715 3329; baseline 0.001 -22"><span class='ocrx_word' id='word_1_323' title='bbox 534 3274 668 3308; x_wconf 82' lang='lat' dir='ltr'><strong>mam</strong></span> <span class='ocrx_word' id='word_1_324' title='bbox 683 3261 793 3323; x_wconf 85' lang='lat' dir='ltr'><strong>jam</strong></span> <span class='ocrx_word' id='word_1_325' title='bbox 819 3264 1140 3323; x_wconf 82' lang='lat' dir='ltr'><strong>pervenisset</strong></span> <span class='ocrx_word' id='word_1_326' title='bbox 1162 3271 1505 3324; x_wconf 85' lang='lat' dir='ltr'><strong>senectutem,</strong></span> <span class='ocrx_word' id='word_1_327' title='bbox 1526 3271 1582 3311; x_wconf 88' lang='lat' dir='ltr'><strong>et</strong></span> <span class='ocrx_word' id='word_1_328' title='bbox 1604 3266 1726 3312; x_wconf 61' lang='lat' dir='ltr'><strong>vitae</strong></span> <span class='ocrx_word' id='word_1_329' title='bbox 1744 3266 1976 3313; x_wconf 72' lang='lat' dir='ltr'><strong>humanae</strong></span> <span class='ocrx_word' id='word_1_330' title='bbox 2004 3266 2245 3315; x_wconf 77' lang='lat' dir='ltr'><strong>terminos</strong></span> <span class='ocrx_word' id='word_1_331' title='bbox 2260 3268 2411 3329; x_wconf 82' lang='lat' dir='ltr'><strong>longe</strong></span> <span class='ocrx_word' id='word_1_332' title='bbox 2417 3266 2527 3327; x_wconf 86' lang='lat' dir='ltr'><strong>jam</strong></span> <span class='ocrx_word' id='word_1_333' title='bbox 2540 3275 2715 3326; x_wconf 88' lang='lat' dir='ltr'><strong>super·</strong></span> 
     </span>
     <span class='ocr_line' id='line_1_35' title="bbox 531 3327 2715 3391; baseline 0.002 -21"><span class='ocrx_word' id='word_1_334' title='bbox 531 3338 740 3385; x_wconf 75' lang='lat' dir='ltr'><strong>gressus</strong></span> <span class='ocrx_word' id='word_1_335' title='bbox 762 3332 922 3385; x_wconf 86' lang='lat' dir='ltr'><strong>esset,</strong></span> <span class='ocrx_word' id='word_1_336' title='bbox 963 3334 1135 3375; x_wconf 80' lang='lat' dir='ltr'><strong>tamen</strong></span> <span class='ocrx_word' id='word_1_337' title='bbox 1171 3328 1378 3375; x_wconf 82' lang='lat' dir='ltr'><strong>tandem</strong></span> <span class='ocrx_word' id='word_1_338' title='bbox 1402 3327 1651 3376; x_wconf 78' lang='lat' dir='ltr'><strong>inusitato</strong></span> <span class='ocrx_word' id='word_1_339' title='bbox 1675 3329 1848 3377; x_wconf 87' lang='lat' dir='ltr'><strong>mortis</strong></span> <span class='ocrx_word' id='word_1_340' title='bbox 1869 3343 2063 3391; x_wconf 76' lang='lat' dir='ltr'><strong>genere</strong></span> <span class='ocrx_word' id='word_1_341' title='bbox 2083 3330 2254 3391; x_wconf 88' lang='lat' dir='ltr'><strong>periit,</strong></span> <span class='ocrx_word' id='word_1_342' title='bbox 2282 3328 2400 3377; x_wconf 89' lang='lat' dir='ltr'><strong>dum</strong></span> <span class='ocrx_word' id='word_1_343' title='bbox 2427 3343 2581 3377; x_wconf 86' lang='lat' dir='ltr'><strong>succo</strong></span> <span class='ocrx_word' id='word_1_344' title='bbox 2603 3342 2715 3375; x_wconf 74' lang='lat' dir='ltr'><strong>uvae</strong></span> 
     </span>
     <span class='ocr_line' id='line_1_36' title="bbox 533 3388 2720 3456; baseline 0.001 -21"><span class='ocrx_word' id='word_1_345' title='bbox 533 3402 703 3451; x_wconf 68' lang='lat' dir='ltr'><strong>passm</strong></span> <span class='ocrx_word' id='word_1_346' title='bbox 724 3389 883 3437; x_wconf 85' lang='lat' dir='ltr'><strong>exiles</strong></span> <span class='ocrx_word' id='word_1_347' title='bbox 906 3403 991 3438; x_wconf 86' lang='lat' dir='ltr'><strong>res</strong></span> <span class='ocrx_word' id='word_1_348' title='bbox 1009 3388 1186 3439; x_wconf 82' lang='lat' dir='ltr'><strong>fovere</strong></span> <span class='ocrx_word' id='word_1_349' title='bbox 1206 3388 1397 3441; x_wconf 61' lang='lat' dir='ltr'><strong>vellet?</strong></span> <span class='ocrx_word' id='word_1_350' title='bbox 1430 3392 1594 3453; x_wconf 76' lang='lat' dir='ltr'><strong>Kapp.</strong></span> <span class='ocrx_word' id='word_1_351' title='bbox 1660 3390 1824 3440; x_wconf 83' lang='lat' dir='ltr'><strong>Paulo</strong></span> <span class='ocrx_word' id='word_1_352' title='bbox 1863 3400 1981 3455; x_wconf 86' lang='lat' dir='ltr'><strong>post</strong></span> <span class='ocrx_word' id='word_1_353' title='bbox 2016 3407 2109 3456; x_wconf 87' lang='lat' dir='ltr'><strong>pro</strong></span> <span class='ocrx_word' id='word_1_354' title='bbox 2125 3392 2271 3454; x_wconf 65' lang='lat' dir='ltr'><strong>grand</strong></span> <span class='ocrx_word' id='word_1_355' title='bbox 2290 3392 2527 3442; x_wconf 80' lang='lat' dir='ltr'><strong>Perizon.</strong></span> <span class='ocrx_word' id='word_1_356' title='bbox 2549 3392 2720 3451; x_wconf 87' lang='lat' dir='ltr'><strong>malit,</strong></span> 
     </span>
    </p>
   </div>
   <div class='ocr_carea' id='block_1_6' title="bbox 527 3517 2714 3975">
    <p class='ocr_par' dir='ltr' id='par_1_8' title="bbox 527 3517 2714 3975">
     <span class='ocr_line' id='line_1_37' title="bbox 1519 3517 1736 3569; baseline -0.009 -1"><span class='ocrx_word' id='word_1_357' title='bbox 1519 3517 1736 3569; x_wconf 75' lang='lat' dir='ltr'><strong>NOTAE</strong></span> 
     </span>
     <span class='ocr_line' id='line_1_38' title="bbox 597 3610 1809 3669; baseline 0.003 -8"><span class='ocrx_word' id='word_1_358' title='bbox 597 3618 621 3669; x_wconf 54' lang='grc' dir='ltr'>ζ</span> <span class='ocrx_word' id='word_1_359' title='bbox 653 3611 755 3661; x_wconf 85' lang='lat' dir='ltr'><strong>An.</strong></span> <span class='ocrx_word' id='word_1_360' title='bbox 778 3610 855 3660; x_wconf 88' lang='lat' dir='ltr'><strong>M.</strong></span> <span class='ocrx_word' id='word_1_361' title='bbox 876 3615 1025 3662; x_wconf 74' lang='grc'><strong>3648.</strong></span> <span class='ocrx_word' id='word_1_362' title='bbox 1076 3610 1163 3661; x_wconf 90' lang='lat' dir='ltr'><strong>Ol.</strong></span> <span class='ocrx_word' id='word_1_363' title='bbox 1180 3616 1261 3663; x_wconf 71' lang='lat'><strong>93.</strong></span> <span class='ocrx_word' id='word_1_364' title='bbox 1280 3616 1327 3660; x_wconf 75' lang='lat'><strong>3.</strong></span> <span class='ocrx_word' id='word_1_365' title='bbox 1375 3614 1504 3664; x_wconf 90' lang='lat' dir='ltr'><strong>Urb.</strong></span> <span class='ocrx_word' id='word_1_366' title='bbox 1523 3614 1582 3664; x_wconf 86' lang='lat' dir='ltr'><strong>C.</strong></span> <span class='ocrx_word' id='word_1_367' title='bbox 1665 3614 1809 3666; x_wconf 85' lang='lat' dir='ltr'><strong>dere.</strong></span> 
     </span>
     <span class='ocr_line' id='line_1_39' title="bbox 531 3686 2714 3740; baseline 0 -5"><span class='ocrx_word' id='word_1_368' title='bbox 531 3690 643 3738; x_wconf 69' lang='lat'><strong>34⁷.</strong></span> <span class='ocrx_word' id='word_1_369' title='bbox 685 3686 815 3736; x_wconf 86' lang='lat' dir='ltr'><strong>Ant.</strong></span> <span class='ocrx_word' id='word_1_370' title='bbox 838 3687 933 3736; x_wconf 87' lang='lat' dir='ltr'><strong>Cb.</strong></span> <span class='ocrx_word' id='word_1_371' title='bbox 955 3691 1072 3736; x_wconf 82' lang='grc'><strong>405.</strong></span> <span class='ocrx_word' id='word_1_372' title='bbox 1726 3688 1757 3718; x_wconf 83' lang='grc'><strong>”’</strong></span> <span class='ocrx_word' id='word_1_373' title='bbox 1794 3689 1894 3740; x_wconf 83' lang='grc' dir='ltr'><strong>Αιι.</strong></span> <span class='ocrx_word' id='word_1_374' title='bbox 1915 3692 1990 3740; x_wconf 90' lang='lat' dir='ltr'><strong>M.</strong></span> <span class='ocrx_word' id='word_1_375' title='bbox 2015 3694 2160 3740; x_wconf 75' lang='grc'><strong>8590.</strong></span> <span class='ocrx_word' id='word_1_376' title='bbox 2207 3690 2297 3740; x_wconf 84' lang='lat'><strong>01.</strong></span> <span class='ocrx_word' id='word_1_377' title='bbox 2318 3694 2402 3740; x_wconf 82' lang='grc'><strong>79.</strong></span> <span class='ocrx_word' id='word_1_378' title='bbox 2426 3694 2471 3740; x_wconf 93' lang='lat'><strong>1.</strong></span> <span class='ocrx_word' id='word_1_379' title='bbox 2505 3689 2633 3739; x_wconf 82' lang='lat' dir='ltr'><strong>Urb.</strong></span> <span class='ocrx_word' id='word_1_380' title='bbox 2652 3689 2714 3737; x_wconf 90' lang='lat' dir='ltr'><strong>C.</strong></span> 
     </span>
     <span class='ocr_line' id='line_1_40' title="bbox 594 3760 2186 3826; baseline 0.003 -17"><span class='ocrx_word' id='word_1_381' title='bbox 594 3767 612 3792; x_wconf 82' lang='lat'>⁸</span> <span class='ocrx_word' id='word_1_382' title='bbox 633 3761 896 3824; x_wconf 76' lang='lat' dir='ltr'><strong>Pindarus]</strong></span> <span class='ocrx_word' id='word_1_383' title='bbox 932 3762 1146 3825; x_wconf 82' lang='lat' dir='ltr'><strong>Lyricus</strong></span> <span class='ocrx_word' id='word_1_384' title='bbox 1168 3760 1333 3811; x_wconf 63' lang='lat' dir='ltr'><strong>Poeta</strong></span> <span class='ocrx_word' id='word_1_385' title='bbox 1354 3761 1581 3826; x_wconf 80' lang='lat' dir='ltr'><strong>AEschyli</strong></span> <span class='ocrx_word' id='word_1_386' title='bbox 1663 3768 1777 3815; x_wconf 73' lang='lat'><strong>289.</strong></span> <span class='ocrx_word' id='word_1_387' title='bbox 1807 3765 1889 3813; x_wconf 89' lang='lat' dir='ltr'><strong>An</strong></span> <span class='ocrx_word' id='word_1_388' title='bbox 1898 3773 1934 3813; x_wconf 90' lang='lat' dir='ltr'><strong>t.</strong></span> <span class='ocrx_word' id='word_1_389' title='bbox 1959 3766 2051 3815; x_wconf 75' lang='lat' dir='ltr'><strong>Cli.</strong></span> <span class='ocrx_word' id='word_1_390' title='bbox 2072 3770 2186 3815; x_wconf 77' lang='grc'><strong>463.</strong></span> 
     </span>
     <span class='ocr_line' id='line_1_41' title="bbox 527 3832 2712 3904; baseline -0 -17"><span class='ocrx_word' id='word_1_391' title='bbox 527 3838 759 3900; x_wconf 63' lang='lat' dir='ltr'><strong>aqualis,</strong></span> <span class='ocrx_word' id='word_1_392' title='bbox 802 3838 951 3901; x_wconf 82' lang='lat' dir='ltr'><strong>cnjus</strong></span> <span class='ocrx_word' id='word_1_393' title='bbox 994 3839 1201 3887; x_wconf 89' lang='lat' dir='ltr'><strong>domum</strong></span> <span class='ocrx_word' id='word_1_394' title='bbox 1240 3839 1375 3889; x_wconf 90' lang='lat' dir='ltr'><strong>dirui</strong></span> <span class='ocrx_word' id='word_1_395' title='bbox 1414 3832 1581 3890; x_wconf 84' lang='lat' dir='ltr'><strong>vetuit</strong></span> <span class='ocrx_word' id='word_1_396' title='bbox 1725 3848 1749 3874; x_wconf 82' lang='lat'><strong>¹¹</strong></span> <span class='ocrx_word' id='word_1_397' title='bbox 1787 3841 2100 3904; x_wconf 77' lang='lat' dir='ltr'><strong>Anacreonti]</strong></span> <span class='ocrx_word' id='word_1_398' title='bbox 2165 3841 2348 3891; x_wconf 66' lang='lat' dir='ltr'><strong>Poetae</strong></span> <span class='ocrx_word' id='word_1_399' title='bbox 2403 3841 2604 3903; x_wconf 82' lang='lat' dir='ltr'><strong>Lyrico,</strong></span> <span class='ocrx_word' id='word_1_400' title='bbox 2647 3853 2712 3887; x_wconf 85' lang='lat' dir='ltr'><strong>ex</strong></span> 
     </span>
     <span class='ocr_line' id='line_1_42' title="bbox 528 3911 2711 3975; baseline 0 -15"><span class='ocrx_word' id='word_1_401' title='bbox 528 3911 847 3975; x_wconf 78' lang='lat' dir='ltr'><strong>Alexander,</strong></span> <span class='ocrx_word' id='word_1_402' title='bbox 869 3915 989 3963; x_wconf 89' lang='lat' dir='ltr'><strong>dum</strong></span> <span class='ocrx_word' id='word_1_403' title='bbox 1011 3914 1217 3964; x_wconf 78' lang='lat' dir='ltr'><strong>Thebas</strong></span> <span class='ocrx_word' id='word_1_404' title='bbox 1240 3916 1450 3966; x_wconf 82' lang='lat' dir='ltr'><strong>evertit.</strong></span> <span class='ocrx_word' id='word_1_405' title='bbox 1659 3916 1783 3965; x_wconf 87' lang='lat' dir='ltr'><strong>Teio</strong></span> <span class='ocrx_word' id='word_1_406' title='bbox 1824 3916 2005 3965; x_wconf 84' lang='lat' dir='ltr'><strong>Ionica</strong></span> <span class='ocrx_word' id='word_1_407' title='bbox 2043 3918 2255 3966; x_wconf 85' lang='lat' dir='ltr'><strong>civitate</strong></span> <span class='ocrx_word' id='word_1_408' title='bbox 2276 3934 2291 3964; x_wconf 75' lang='grc' dir='ltr'><em>τ</em></span> <span class='ocrx_word' id='word_1_409' title='bbox 2325 3918 2376 3966; x_wconf 90' lang='lat' dir='ltr'><strong>in</strong></span> <span class='ocrx_word' id='word_1_410' title='bbox 2401 3917 2587 3965; x_wconf 83' lang='lat' dir='ltr'><strong>bonore</strong></span> <span class='ocrx_word' id='word_1_411' title='bbox 2609 3913 2711 3962; x_wconf 79' lang='lat' dir='ltr'><strong>fuit</strong></span> 
     </span>
    </p>
   </div>
   <div class='ocr_carea' id='block_1_7' title="bbox 528 3989 2716 4213">
    <p class='ocr_par' dir='ltr' id='par_1_9' title="bbox 528 3989 2716 4213">
     <span class='ocr_line' id='line_1_43' title="bbox 598 3989 2716 4065; baseline 0 -29"><span class='ocrx_word' id='word_1_412' title='bbox 598 3989 613 4019; x_wconf 64' lang='lat' dir='ltr'><strong>t</strong></span> <span class='ocrx_word' id='word_1_413' title='bbox 654 3989 1051 4053; x_wconf 75' lang='lat' dir='ltr'><strong>Gymnasiarcha]</strong></span> <span class='ocrx_word' id='word_1_414' title='bbox 1116 3990 1383 4053; x_wconf 80' lang='lat' dir='ltr'><strong>Gymnasii</strong></span> <span class='ocrx_word' id='word_1_415' title='bbox 1435 3992 1580 4065; x_wconf 84' lang='lat' dir='ltr'><strong>prin·</strong></span> <span class='ocrx_word' id='word_1_416' title='bbox 1658 3991 1799 4053; x_wconf 89' lang='lat' dir='ltr'><strong>apud</strong></span> <span class='ocrx_word' id='word_1_417' title='bbox 1843 3992 2176 4055; x_wconf 83' lang='lat' dir='ltr'><strong>Polycratem</strong></span> <span class='ocrx_word' id='word_1_418' title='bbox 2219 3994 2505 4042; x_wconf 86' lang='lat' dir='ltr'><strong>Samiorum</strong></span> <span class='ocrx_word' id='word_1_419' title='bbox 2541 3998 2716 4053; x_wconf 80' lang='lat' dir='ltr'><strong>tyran·</strong></span> 
     </span>
     <span class='ocr_line' id='line_1_44' title="bbox 528 4064 1798 4127; baseline 0.005 -18"><span class='ocrx_word' id='word_1_420' title='bbox 528 4074 670 4123; x_wconf 85' lang='lat' dir='ltr'><strong>ceps,</strong></span> <span class='ocrx_word' id='word_1_421' title='bbox 690 4077 750 4112; x_wconf 90' lang='lat' dir='ltr'><strong>cu</strong></span> <span class='ocrx_word' id='word_1_422' title='bbox 747 4064 837 4125; x_wconf 86' lang='lat' dir='ltr'><strong>jus</strong></span> <span class='ocrx_word' id='word_1_423' title='bbox 854 4071 969 4113; x_wconf 84' lang='lat' dir='ltr'><strong>erat</strong></span> <span class='ocrx_word' id='word_1_424' title='bbox 984 4066 1211 4127; x_wconf 79' lang='lat' dir='ltr'><strong>peractis</strong></span> <span class='ocrx_word' id='word_1_425' title='bbox 1230 4065 1359 4114; x_wconf 87' lang='lat' dir='ltr'><strong>ludis</strong></span> <span class='ocrx_word' id='word_1_426' title='bbox 1377 4072 1581 4127; x_wconf 80' lang='lat' dir='ltr'><strong>specta·</strong></span> <span class='ocrx_word' id='word_1_427' title='bbox 1658 4080 1798 4115; x_wconf 89' lang='lat' dir='ltr'><strong>num.</strong></span> 
     </span>
     <span class='ocr_line' id='line_1_45' title="bbox 529 4137 1578 4213; baseline 0.006 -29"><span class='ocrx_word' id='word_1_428' title='bbox 529 4142 669 4184; x_wconf 82' lang='lat' dir='ltr'><strong>tores</strong></span> <span class='ocrx_word' id='word_1_429' title='bbox 692 4137 947 4187; x_wconf 83' lang='lat' dir='ltr'><strong>deducere</strong></span> <span class='ocrx_word' id='word_1_430' title='bbox 971 4138 1127 4213; x_wconf 75' lang='lat' dir='ltr'><strong>foras,</strong></span> <span class='ocrx_word' id='word_1_431' title='bbox 1150 4139 1415 4204; x_wconf 88' lang='lat' dir='ltr'><strong>locumque</strong></span> <span class='ocrx_word' id='word_1_432' title='bbox 1438 4141 1578 4190; x_wconf 88' lang='lat' dir='ltr'><strong>clau-</strong></span> 
     </span>
    </p>
   </div>
  </div>
 </body>
</html>
