3144 4925
535 387 669 452 856
1136 395 1453 444 VALERu
1504 392 1792 440 MAxffll
1843 390 1984 442 mn.
2033 391 2140 440 1X.

540 545 907 610 indicturus
951 542 1225 618 bellum,
1272 538 1588 606 adhibitis
1635 537 1824 603 Asiae
1875 536 2310 621 principibus,
2341 539 2362 570 ‘
2385 535 2498 598 Ne
2536 534 2727 599 vide·

542 642 690 715 rer,’
717 643 947 724 inquit,
979 647 999 676 ‘
1018 659 1173 704 meo
1202 637 1664 704 tantummodo
1703 655 1873 701 usus
1913 637 2216 711 consilio,
2245 653 2368 699 vos
2397 635 2727 698 contraxi.

544 743 852 807 Ceterum
896 746 1296 804 mementote
1344 733 1707 822 parendum
1747 738 1958 817 magis
1995 737 2189 800 vobis
2234 753 2404 810 esse,
2425 742 2480 781 ¹4
2526 753 2730 816 quam

547 839 1023 907 suadendum.’‡
1110 838 1509 921 Arroganter
1555 838 1762 902 etiam
1813 837 1874 900 si
1915 837 2153 900 victori
2203 842 2493 916 repetere
2535 834 2598 896 ei
2626 853 2732 895 re-.

546 943 723 1024 giam
750 942 1181 1022 contigisset:
1228 946 1366 1004 tam
1406 938 1778 1003 deformiter
1811 937 1970 1001 victi
1985 946 2013 984 ⁸
2055 936 2323 1000 nescias
2361 941 2586 998 utrum
2627 933 2729 996 in·-

546 1042 873 1106 solentius
893 1041 1168 1118 dictum,
1196 1056 1283 1104 an
1311 1039 1842 1122 impudentias&
2775 1035 2783 1043 “

635 1141 702 1206 3.
749 1141 1097 1205 Hannibal
1146 1146 1363 1204 autem
1414 1136 1782 1204 Cannensis
1830 1154 2069 1220 pugnae
2127 1127 2448 1198 successu
2493 1133 2735 1210 elatae,

554 1261 681 1306 nec
724 1241 997 1308 admisit
1038 1259 1420 1323 quenquam
1460 1240 1705 1304 civium
1751 1257 2023 1302 suorum
2067 1238 2138 1299 in
2187 1236 2448 1310 castris,
2479 1253 2604 1297 nec
2637 1251 2740 1298 re-

554 1359 875 1424 sponsum
905 1341 1027 1405 ulli
1049 1339 1077 1377 ¹¹
1118 1341 1249 1405 nisi
1290 1360 1407 1422 per
1450 1340 1872 1421 interpretem
1900 1337 2110 1401 dedit.
2199 1333 2669 1398 Maharbalem
2688 1330 2742 1372 ¹⁶

556 1442 759 1506 etiam
815 1445 969 1505 ante
1016 1440 1519 1504 tabernaculum
1576 1456 1768 1503 suum
1826 1438 2008 1502 clara
2051 1454 2222 1501 voce
2282 1435 2741 1508 affirmantem,

554 1547 578 1578 ⁴
607 1541 1043 1626 prospexisse
1068 1561 1164 1618 se,
1198 1558 1490 1623 quonam
1533 1539 1734 1604 modo
1777 1534 2285 1621 paucis-diebus
2312 1542 2362 1582 ¹⁷
2407 1533 2646 1597 Romae
2673 1532 2744 1594 i'n

553 1639 903 1724 Capitolio
950 1637 1325 1717 caenare&i
1370 1645 1770 1725 aspernatus
1809 1634 1959 1702 est?
2046 1633 2246 1699 Adeo
2290 1633 2634 1704 felicitatis
2678 1640 2748 1695 et

558 1741 1037 1806 moderationis
1065 1741 1409 1805 dividuum
1441 1739 1950 1805 contubernium
1978 1743 2129 1801 este

643 1843 710 1904 4.
756 1840 1137 1906 Insolentiae
1164 1858 1323 1903 vero
1364 1840 1529 1903 inter
1566 1837 2184 1918 Carthaginiensem
2223 1839 2290 1897 et
2333 1833 2747 1916 Campanum

564 1947 865 2006 senatum
903 1941 1100 2022 quasi
1143 1941 1478 2004 aemulatio
1504 1938 1654 2002 fuit.
1743 1938 1867 2002 Ille
1922 1938 2096 2000 enim
2141 1941 2456 2018 separato
2486 1953 2528 1996 a
2553 1933 2756 2015 plebe

562 2040 811 2105 balneo
854 2039 1244 2102 lavabatur:
1286 2040 1397 2103 hie
1446 2039 1714 2102 diverso
1756 2038 1902 2102 soro
1945 2038 2266 2101 utebatur.
2353 2033 2570 2110 Quem
2611 2051 2751 2096 mo-

565 2154 709 2202 rem
739 2136 997 2219 Capuae
1042 2137 1457 2236 aliquamdiu
1487 2144 1832 2214 retentum,
1861 2139 1937 2202 G.
1967 2156 2250 2220 quoque,
2273 2134 2562 2200 Gracchi
2605 2149 2757 2198 ora-

568 2239 748 2302 tione
779 2237 851 2300 in
878 2235 1219 2298 Plautium
1250 2236 1506 2318 scripta
1536 2243 1748 2319 patet.

634 2429 659 2453 ⁶
696 2421 849 2485 Usque
862 2421 978 2472 adeo
986 2414 1202 2482 felicitas
1220 2425 1267 2472 et
1288 2420 1545 2475 moderatio
1567 2420 1754 2487 difficile
1772 2421 1826 2473 in
1845 2435 1936 2473 ano
1956 2423 2136 2474 homine
2156 2423 2471 2487 reperiuntur.

1486 2543 1752 2567 000000000
1756 2545 1844 2566 000

570 2634 763 2683 habent
819 2648 987 2699 noque
1009 2636 1130 2697 qaod
1164 2634 1519 2683 Gracia—14
1548 2633 1637 2683 Sic
1662 2633 1811 2683 codd.
1834 2639 1890 2684 et
1909 2634 2054 2697 Mog.
2078 2634 2312 2684 restitnit
2330 2632 2548 2695 Pighius
2569 2630 2624 2680 τὸ
2643 2647 2763 2695 esre,

576 2697 715 2761 quod
737 2713 803 2746 vu
826 2714 892 2761 go
914 2698 1404 2747 omittebatur.—15
1439 2696 1677 2745 Perizon.
1701 2704 1757 2745 et
1789 2698 1924 2761 Guy.
1959 2698 2154 2759 malint,
2179 2697 2540 2759 imprudentius,
2573 2696 2764 2758 impro-

574 2762 731 2811 bante
754 2762 1111 2823 Kappio.—16
1145 2761 1333 2823 Copes.
1367 2760 1683 2819 Aherbclem3
1719 2760 1870 2810 Harl.
1891 2760 2197 2817 Aderbalem3
2229 2761 2390 2809 Barb.
2430 2759 2583 2821 prim.
2617 2759 2766 2813 Leid-

573 2830 702 2875 tert.
733 2823 1061 2873 Adherbalem.
1128 2823 1381 2874 Nonnulli
1401 2824 1741 2873 Maharbalem.
1809 2824 2002 2874 Confer
2041 2825 2208 2873 Notas
2246 2824 2364 2872 VV.
2385 2824 2510 2872 DD.
2536 2822 2602 2870 ad
2626 2824 2764 2870 Flor.

574 2900 641 2935 11.
664 2892 713 2937 6.
736 2890 945 2944 19.-17
980 2888 1171 2950 Copes.
1210 2894 1265 2937 et
1304 2886 1449 2935 Leid-
1486 2891 1535 2935 6.
1580 2887 1746 2949 paucis
1764 2887 1872 2936 inde
1890 2886 2052 2937 diebus
2067 2904 2093 2945 ,²
2119 2902 2221 2936 non
2243 2887 2397 2949 male,
2423 2886 2594 2949 inquit
2615 2883 2768 2935 Peri-

572 2961 686 3000 που.
710 2950 811 3000 nisi
830 2949 994 3013 malis,
1021 2950 1194 3013 paucis
1212 2950 1267 3000 in
1280 2950 1455 2999 diebus.

1575 3050 1786 3103 NOTAE

644 3169 671 3220 ζ
691 3161 795 3212 An.
816 3163 896 3213 M.
928 3167 1077 3213 3569.
1110 3163 1200 3213 01.
1222 3168 1303 3214 78.
1334 3168 1384 3212 4.
1415 3163 1547 3214 Urb.
1571 3164 1634 3214 C.
1718 3170 1780 3213 ut
1812 3162 1934 3227 quid
1967 3164 2061 3212 hac
2101 3178 2274 3227 pugna
2307 3162 2376 3213 sit
2403 3168 2584 3211 actum
2618 3161 2776 3224 scias,

580 3240 695 3286 268.
720 3236 848 3285 Ant.
874 3237 969 3287 Ch.
990 3241 1108 3288 484.
1651 3250 1656 3263 ’
1719 3238 1804 3288 die
1822 3238 2040 3303 quinto‚’
2055 3240 2241 3303 inquit,
2259 3239 2276 3267 ‘
2299 3238 2464 3288 victor
2486 3239 2540 3286 in
2563 3237 2773 3301 Capito-

642 3318 669 3355 8
692 3309 808 3361 Tam
826 3311 1101 3371 deformiter
1120 3312 1260 3373 victi]
1310 3313 1427 3362 Nec
1450 3299 1637 3371 vieto-r,
1719 3314 1790 3361 lio
1821 3313 2148 3375 epulaberis:
2183 3328 2400 3377 sequere
2433 3328 2551 3363 cum
2583 3312 2776 3375 equite,

578 3400 677 3437 nee
700 3388 869 3435 vietus
883 3392 993 3435 tum
1010 3394 1125 3435 erat
1144 3387 1383 3447 Xerxen
1420 3388 1650 3437 necdum>
1721 3393 1781 3436 ut
1801 3389 1943 3450 prius
1978 3394 2032 3437 te
2064 3387 2281 3448 venisse,
2313 3402 2470 3451 quam
2502 3395 2776 3437 venturum

582 3461 799 3512 enimin
822 3462 1033 3511 Groeeos
1055 3461 1246 3510 bellum
1266 3467 1516 3523 gesserat.
1723 3461 1924 3512 sciant?
1986 3464 2002 3491 ‘
2041 3462 2386 3523 Praeeedant,’
2425 3462 2600 3526 inquit
2633 3462 2778 3510 Han-

645 3534 671 3569 ¹¹
693 3537 799 3586 Nec
812 3549 1084 3598 responsum
1116 3536 1227 3598 uui]
1278 3534 1427 3584 Illius
1447 3536 1523 3584 rei
1546 3550 1645 3583 nec
1725 3538 1881 3598 nibal,
1903 3539 1918 3565 ‘
1943 3538 2148 3591 nuntii:
2180 3538 2304 3586 laeta
2324 3552 2408 3586 res
2429 3544 2508 3585 est
2529 3553 2550 3597 ς
2579 3536 2672 3584 sed
2697 3535 2780 3583 via

584 3610 853 3675 Polybius,
884 3624 983 3659 nec
1023 3609 1218 3664 Livius,
1254 3623 1353 3659 nec
1376 3610 1644 3660 Plut.me-
1723 3613 1905 3675 maJor,
1926 3626 2078 3675 quam
2119 3618 2178 3660 ut
2215 3627 2330 3660 eam
2373 3612 2546 3660 statim
2589 3622 2780 3672 capere

588 3686 874 3740 minernnt.
1725 3688 1894 3735 animo
1913 3687 2101 3751 possim
2119 3686 2155 3735 :’
2173 3694 2284 3737 tum
2303 3686 2574 3735 Maharbal
2593 3701 2607 3733 :
2628 3684 2645 3711 ‘
2662 3682 2782 3732 Non

650 3758 745 3814 ¹1³⁸
769 3758 1003 3822 Capitolio
1039 3761 1265 3822 coenaret]
1309 3758 1440 3807 Cum
1481 3760 1647 3808 ceteri
1730 3762 1899 3809 omnia
1935 3762 2170 3809 nimirum
2216 3762 2387 3811 eidem
2425 3761 2520 3810 Dii
2557 3759 2778 3809 dedere:

588 3834 869 3882 suaderent
908 3831 1209 3892 Hannibali,
1241 3838 1301 3879 ut
1336 3831 1566 3895 quietem
1590 3839 1648 3880 et
1728 3835 1938 3884 vincere
1975 3835 2076 3885 scis
2111 3834 2392 3896 Hannibal,
2432 3834 2653 3884 victoria
2701 3832 2782 3880 uti

585 3908 701 3970 ipse
734 3911 982 3968 sumeret,
1020 3911 1076 3955 et
1114 3904 1269 3955 fessis
1294 3906 1446 3955 daret
1476 3907 1648 3957 militi·
1726 3907 1931 3957 neseis.'
1995 3909 2128 3957 Haee
2151 3908 2324 3957 Livius
2345 3908 2437 3957 lib.
2460 3920 2603 3956 xxn.

588 3979 704 4042 bus,
738 3980 1009 4029 Maharbal
1048 3979 1345 4029 Praefectus
1398 3982 1644 4045 Equitum
1790 3980 1820 4009 *⁵
1843 3980 1946 4031 An.
1967 3982 2044 4030 M.
2062 3986 2208 4031 3838.
2232 3982 2321 4033 01.
2343 3986 2458 4033 141.
2482 3987 2532 4034 1.
2565 3980 2700 4033 urb.
2721 3982 2788 4033 0.

587 4055 794 4127 minime
838 4057 1144 4108 cessandum
1184 4064 1326 4109 ratus
1341 4074 1358 4107 :
1410 4058 1426 4085 ‘
1450 4058 1636 4121 Immo,
1725 4058 1842 4109 53⁷.
1866 4055 1992 4109 Ant.
2016 4056 2110 4106 Ch.
2132 4060 2250 4109 216.
