3144 4925
1011 385 1172 433 cAr.
1209 385 1318 432 ιιι.
1369 385 1466 430 nn
1511 365 2011 434 snv'nm'm'rs.
2469 371 2595 433 611

406 529 498 593 tis
535 525 1025 591 monumentum
1071 534 1224 590 est.†
1313 525 1570 588 Eadem
1624 545 1860 589 ausum
1912 525 2030 608 Sp.
2064 525 2343 590 Melium
2379 529 2601 591 consi·

404 631 550 694 mili
595 629 789 693 exitu
836 629 1056 710 patria
1093 627 1464 691 mulctavit.
1553 625 1737 690 Area
1780 645 1943 690 vero
1974 627 2215 691 domus
2244 627 2414 710 ejus,
2464 649 2615 714 quo·

398 729 668 812 justitia
697 728 1018 809 supplicii
1047 726 1298 790 notior⁸
1345 726 1434 790 ad
1463 731 1775 810 posteros
1814 727 2215 808 perveniret,
2248 729 2600 812 AEquime-

403 828 484 891 lii
509 829 1023 911 appellationem
1055 830 1287 893 traxit.

495 928 839 1007 Quantum
891 949 1048 1011 ergo
1101 929 1240 992 odii
1285 929 1613 993 adversus
1658 927 1891 992 hostes
1941 928 2277 993 libertatis
2324 931 2603 994 insitum

405 1032 648 1094 animis
693 1029 948 1110 antiqui
983 1030 1322 1105 haberent,
1354 1030 1685 1112 parietum
1732 1047 1813 1092 ac
1858 1033 2199 1109 tectorum,
2238 1031 2304 1093 in
2350 1033 2601 1114 quibus

402 1133 650 1214 versati
675 1131 959 1208 fuerant,
987 1133 1196 1195 ruinis
1226 1133 1693 1196 testabantur.⁹
1780 1129 2087 1214 Ideoque
2120 1139 2189 1195 et
2207 1131 2305 1195 Μ.
2336 1133 2599 1210 Flacci,

407 1239 480 1298 et
515 1233 593 1298 L.
626 1234 992 1309 Saturnini,
1023 1233 1677 1296 seditiosissimorum
1724 1233 1997 1310 civium,
2030 1234 2421 1316 corporibus
2462 1243 2602 1298 tru-

404 1334 676 1412 cidatis),
705 1343 986 1418 penates
1033 1336 1120 1398 ab
1163 1335 1314 1397 imis
1336 1342 1388 1372 ¹0
1430 1333 1873 1397 fundamentis
1918 1335 2091 1399 eruti
2118 1341 2320 1399 sunt.‡
2408 1333 2603 1400 Cete-

401 1455 547 1498 rum
581 1437 948 1500 Flacciana
979 1455 1160 1511 area,
1195 1455 1346 1499 cum
1375 1434 1490 1498 diu
1516 1436 1873 1517 penatibus
1894 1443 1938 1473 ¹¹
1975 1455 2197 1500 vacua
2212 1437 2623 1514 mansisset,-

406 1557 452 1600 a
487 1535 574 1615 Q.
606 1535 852 1600 Catulo
879 1535 1232 1603 Cimbricis
1265 1537 1504 1620 spoliis
1533 1536 1857 1600 adornata
1886 1542 2046 1599 est·

491 1637 728 1718 Viguit
761 1640 832 1701 in
878 1645 1107 1702 nostra
1155 1639 1432 1701 civitate
1463 1636 1570 1699 Ti.
1604 1644 1674 1701 et
1702 1635 1778 1700 C.
1830 1637 2286 1702 Gracchorum
2340 1659 2601 1704 summa

403 1739 750 1817 nobilitaS,
798 1759 878 1803 ac
926 1759 1082 1822 spes
1131 1739 1587 1821 amplissima:
1632 1738 1749 1801 sed
1805 1741 1967 1820 quia
2013 1743 2263 1802 statum
2306 1740 2615 1822 civitatis,

406 1841 623 1904 conati
665 1847 848 1904 erant
876 1840 1272 1918 convellere,
1303 1842 1635 1922 insepulta
1687 1840 2021 1903 cadavera
2053 1840 2441 1921 jacuerunt:
2490 1861 2623 1904 su-.

402 1941 808 2024 promusque
831 1942 1142 2006 humanae
1181 1943 1584 2008 conditionis
1614 1942 1827 2006 honos
1858 1941 2019 2005 filiis
2048 1941 2361 2020 Gracchi,
2394 1951 2462 2007 et
2488 1964 2600 2007 ne—

402 2044 678 2125 potibus
709 2041 1014 2106 Africani
1044 2041 1306 2106 defuit.†
1396 2041 1579 2121 Quin
1626 2042 1826 2106 etiam
1871 2043 2228 2107 familiares
2252 2051 2303 2081 ¹²
2348 2063 2602 2122 eorum,

403 2163 490 2205 ne
521 2147 674 2226 quis
699 2143 1084 2226 reipublicae
1116 2144 1402 2207 inimicis
1429 2144 1685 2207 amicus
1717 2164 1871 2207 esse
1891 2143 2117 2222 vellet,
2146 2144 2229 2208 de
2259 2147 2493 2210 robore
2515 2154 2558 2193 ¹³
2580 2154 2603 2182 ·

402 2245 810 2326 praecipitati
842 2251 1042 2317 sunt.‡
1083 2313 1089 2316 ,

492 2346 554 2408 2.
601 2345 794 2410 Idem
846 2347 973 2410 sibi
1031 2351 1166 2411 tam
1225 2347 1426 2410 licere
1490 2347 1574 2413 P.
1632 2346 1907 2412 Mucius
1930 2344 1952 2384 f
1988 2349 2295 2412 tribunus
2353 2347 2600 2430 plebiS,

1335 2510 1394 2529 Oe

1612 2511 1675 2531 Ν

399 2609 782 2673 impotentissimi
805 2610 994 2672 Ultraj.
1018 2615 1164 2661 1.—8
1197 2611 1284 2659 Ita
1308 2610 1504 2659 Brund.
1530 2616 1578 2658 1.
1613 2614 1661 2658 2.
1704 2610 1950 2660 tredecim
1973 2612 2190 2659 Torren.
2212 2611 2320 2672 alii,
2341 2625 2459 2660 eum
2479 2613 2601 2663 Vet.

405 2675 551 2736 Mog.
599 2675 812 2723 Venett.
852 2674 1070 2723 Mediol.
1104 2674 1264 2723 Aldd.
1307 2675 1476 2723 Colin.
1511 2675 1711 2737 Grypb.
1751 2683 1805 2722 et
1840 2676 2020 2738 Steph.
2087 2674 2303 2737 Pighius
2340 2681 2510 2724 tamen
2534 2692 2601 2725 ex

404 2738 613 2787 Winck.
637 2739 854 2800 aliisque
881 2739 1042 2787 tribus
1061 2739 1261 2798 maluit,
1269 2738 1397 2798 just-i
1417 2738 1639 2801 supplicii
1660 2740 1855 2796 notitia,
1878 2738 2289 2799 improbantibus
2310 2738 2525 2788 Tor-ren.
2548 2746 2605 2788 et

405 2802 684 2865 Kapp.—9
717 2809 732 2830 ‘
751 2803 836 2851 Sic
860 2817 1038 2851 ornnes
1062 2804 1193 2850 Mss.
1217 2803 1473 2858 Torrenii,
1497 2802 1622 2850 Vet.
1663 2802 1881 2864 aliaeque
1907 2810 2025 2849 ante
2050 2802 2285 2863 Pigbinm
2324 2800 2602 2859 editiones,

407 2874 604 2927 praeter
627 2867 775 2927 Mog.
799 2882 914 2929 quae
941 2880 1056 2915 cum
1093 2867 1202 2914 solo
1226 2867 1362 2915 Ultr.
1387 2880 1494 2914 sec.
1519 2866 1680 2928 legit:
1716 2870 1972 2926 testantur,
1994 2866 2071 2913 uti
2097 2880 2127 2913 a
2162 2866 2371 2927 Pighio‚
2392 2865 2603 2927 Colere,

403 2930 617 2978 Vorstio
639 2929 834 2979 editum
859 2938 955 2979 est.
1021 2930 1126 2979 Sed
1165 2931 1295 2979 bene
1334 2930 1612 2978 Torrenius
1642 2930 1938 2978 testabantur
1974 2929 2271 2978 revocavit.'
2306 2930 2601 2991 Kapp.-lo

405 2994 513 3043 Pro
534 2994 648 3041 imis
668 2994 786 3043 Vet.
807 2994 964 3043 babet
983 2995 1303 3057 infimis.—-ll
1340 2996 1356 3022 ‘
1373 2994 1492 3043 Vox
1511 2994 1763 3055 penatibus
1784 2994 2031 3042 Torrenio
2047 3008 2077 3039 a
2100 2994 2259 3041 sciolo
2290 2992 2470 3041 addita
2491 3008 2605 3042 esse

403 3057 636 3106 videtur.
655 3058 812 3108 Certe
827 3074 940 3107 eam
954 3058 1064 3106 Bit.
1082 3060 1232 3119 prim.
1253 3058 1412 3107 delet.
1451 3057 1552 3106 Sed
1569 3058 1623 3105 in
1640 3058 1763 3105 Vet.
1784 3057 1918 3107 Uitr.
1938 3058 2087 3119 prim.
2112 3058 2257 3107 Harl.
2276 3056 2432 3105 Barb.
2451 3058 2604 3120 prim.

404 3121 551 3170 Med.
569 3129 811 3184 utroque,
828 3122 971 3172 Leid.
990 3134 1093 3171 sec.
1107 3122 1293 3183 copes.
1311 3122 1484 3171 Periz.
1504 3128 1586 3169 est
1592 3136 1731 3183 pene,
1746 3120 1883 3184 quod
1899 3122 2050 3169 etiam
2071 3122 2363 3170 Gronovius
2381 3120 2431 3166 in
2448 3136 2605 3169 mem-

402 3184 577 3233 branis
602 3185 822 3234 Andinis
845 3185 1060 3242 invenit,
1084 3185 1222 3234 unde
1243 3186 1462 3249 conjicit
1479 3200 1647 3249 poenae,
1671 3186 1705 3235 i.
1728 3201 1775 3235 e.
1797 3185 1851 3232 in
1876 3198 2100 3247 poenaui,
2118 3200 2283 3248 poenae
2302 3185 2528 3245 nomine,
2544 3195 2603 3235 ut

404 3256 793 3298 monumentum
817 3264 984 3311 poenae
1006 3257 1156 3299 esset.
1223 3250 1372 3299 Quod
1399 3250 1444 3298 si
1466 3252 1548 3298 cui
1571 3250 1733 3311 magis
1758 3248 1975 3312 arridet,
1994 3251 2292 3299 'l'orreninm
2315 3264 2415 3299 non
2450 3250 2601 3297 valde

405 3312 798 3362 dissentientem
833 3313 1088 3362 habebit.’
1137 3315 1432 3375 Kapp.-—-12
1485 3314 1738 3362 Nonnulli
1783 3313 1934 3363 codd.
1967 3314 2463 3372 familiariorem—18
2512 3314 2600 3362 Sic

403 3390 580 3425 omues
603 3378 785 3440 scripti
809 3383 864 3426 et
888 3376 1017 3425 editi
1039 3377 1175 3426 libri.
1217 3378 1430 3426 Torren.
1453 3378 1591 3441 conj.
1613 3380 1670 3427 de
1685 3392 1817 3441 rupe,
1840 3392 1915 3427 sc.
1941 3378 2199 3439 Τηρείης
2245 3380 2487 3428 Vorstius
2512 3391 2603 3425 au-

407 3448 514 3488 tem
535 3441 589 3489 in
626 3442 804 3503 robore,
836 3442 871 3491 i.
893 3457 939 3490 e.
965 3441 1016 3489 in
1046 3442 1219 3491 robur.
1263 3448 1276 3469 ⁴
1299 3441 1430 3490 Mihi
1456 3448 1631 3492 textus
1653 3444 1707 3491 in
1733 3450 1881 3492 tanta
1904 3442 2152 3491 librorum
2184 3444 2477 3494 constantia
2498 3454 2602 3491 non

857 3618 861 3623 ,
1400 3569 1615 3618 NOTAE

470 3674 493 3719 ψ
516 3663 619 3714 An.
644 3666 722 3715 Μ.
757 3671 903 3716 3570.
937 3667 1024 3717 ΟΙ.
1062 3670 1140 3717 74.
1166 3671 1212 3716 1.
1247 3666 1378 3716 Urb.
1403 3666 1462 3717 C.
1545 3664 1748 3727 cipitari
1783 3665 2033 3726 potnerit,
2053 3678 2155 3714 non
2180 3664 2343 3715 video.

401 3744 516 3789 269.
551 3740 679 3791 Aut.
703 3742 798 3792 Ch.
818 3747 936 3792 483.
1608 3746 1633 3797 ss
1666 3738 1769 3789 An.
1787 3739 1850 3787 U.
1874 3740 1934 3788 C.
1954 3744 2070 3789 632.

471 3823 494 3875 ξ
529 3816 632 3867 An.
657 3818 723 3867 U.
749 3818 810 3867 C.
835 3822 950 3867 632.
1600 3811 1622 3845 ἴ
1640 3814 1703 3865 Ρ.
1730 3814 1943 3877 Mucius]
1977 3814 2042 3864 Id
2073 3815 2253 3865 scribit
2272 3814 2509 3863 Valerius
2535 3820 2613 3863 ex·

469 3892 500 3921 ⁴*
532 3891 636 3941 An.
662 3894 948 3941 U.C.65.⁹..
1544 3887 1605 3937 iis
1652 3889 1948 3951 Annalibus,
1986 3892 2073 3953 qui
2111 3891 2290 3938 decem
2342 3889 2600 3939 Tribunos

469 3975 492 4020 {-
527 3965 629 4015 An.
657 3966 726 4015 U.
750 3968 810 4015 C.
831 3972 944 4016 620.
1543 3963 1712 4027 plebis
1755 3972 1863 4015 tum
1901 3964 2059 4012 fuisse
2094 3970 2389 4023 testantur-3
2424 3965 2600 4015 Livius

465 4050 491 4075 ⁸
524 4045 604 4093 De
642 4045 828 4107 robore]
881 4044 1062 4093 Robur
1087 4045 1232 4093 locus
1265 4050 1380 4091 erat
1412 4041 1464 4091 iu
1544 4047 1720 4089 tamen
1757 4049 1812 4091 et
1854 4039 2125 4101 Dionysius
2156 4054 2402 4104 nusquam
2426 4042 2599 4092 merni-

401 4132 638 4182 carcere,
671 4127 733 4169 ut
755 4125 902 4183 patet
931 4136 998 4169 ex
1035 4122 1226 4170 Plauto
1265 4126 1320 4169 et
1361 4121 1464 4167 Lu·
1543 4122 1750 4166 nerunt.
2540 4115 2547 4122 ‘

403 4195 572 4245 cretio
598 4211 612 4256 ;
648 4195 738 4245 sed
761 4196 849 4261 qui
874 4196 984 4260 quis
1008 4196 1073 4245 de
1093 4196 1178 4245 illo
1203 4198 1318 4245 loco
1340 4210 1467 4260 prae·
