3144 4925
534 350 665 417 716
1115 359 1427 410 vALanu
1475 323 1768 409 Maximi
1818 356 1962 407 ms.
2006 354 2139 406 vn.

539 508 824 576 ferventi
865 506 1208 574 resolutas
1251 524 1450 590 aqna,
1478 504 1789 570 mandere
1816 500 2172 567 voluisti.¹⁸
2261 498 2449 577 Quid
2478 496 2639 575 illis,
2666 497 2730 561 si

545 610 982 679 acerbitatem
1026 627 1225 673 casus
1269 608 1594 684 intueare,
1620 599 1977 668 miserius?
2022 602 2084 665 si
2131 600 2582 665 constantiam
2630 618 2732 663 re-

547 711 828 795 spicias,
851 709 1154 775 fidelius?
1199 709 1333 792 qui,
1349 727 1430 771 ne
1459 728 1501 773 a
1521 704 1854 769 Romanis
1872 704 2407 780 desciscerent,¹⁹
2446 701 2567 765 tali
2593 700 2735 765 cibi

547 831 782 895 genere
811 813 911 877 uti
943 811 1424 889 sustinuerunt3
1469 828 1621 873 cum
1648 805 2098 890 pinguissima
2116 822 2281 867 arva
2310 820 2439 865 sun
2463 801 2737 865 fertilis-

547 915 888 997 simosque
942 930 1220 995 campos
1293 910 1629 975 moenibus
1696 908 1837 973 suis
1890 905 2239 987 subjectos
2310 903 2738 967 intuerentur.

550 1015 792 1097 Itaque
837 1012 1200 1094 Campanae
1249 1006 1481 1087 urbiS,¹
1523 1028 1679 1092 quae
1730 1002 2055 1072 Punicam
2106 1006 2431 1071 feritatem
2478 1003 2741 1069 deliciis

553 1116 698 1180 suis
740 1113 988 1196 cupide
1013 1120 1068 1150 ²⁰
1111 1113 1304 1191 fovit,
1335 1112 1406 1175 in
1454 1110 1840 1195 propinquo
1878 1108 2080 1173 situm
2119 1106 2510 1182 Casilinum,
2540 1103 2743 1169 modo

550 1234 700 1281 rara
754 1214 1002 1279 virtute
1059 1212 1364 1290 clarum,⁵
1379 1219 1428 1250 ²¹
1485 1210 1979 1294 perseverantis
2038 1208 2356 1274 amicitiae
2378 1214 2420 1243 ¹¹¹
2466 1208 2741 1289 pignore

553 1316 804 1398 impios
834 1314 1076 1379 oculos
1103 1314 1523 1379 verberavit.†

639 1418 704 1483 3.
751 1417 832 1481 In
859 1413 980 1481 illa
1009 1415 1356 1480 obsidione
1385 1422 1455 1480 et
1483 1414 1615 1479 fide
1638 1434 1791 1479 cum
1820 1406 2097 1478 trecenti
2120 1410 2509 1475 Praenestini
2526 1417 2553 1445 ¹²
2596 1428 2748 1491 per-

555 1522 916 1595 manerent,
947 1516 1166 1582 evenit
1192 1522 1267 1581 ut
1293 1536 1382 1581 ex
1409 1516 1516 1580 his
1554 1516 1827 1598 quidam
1856 1532 2106 1578 murem
2135 1519 2411 1594 captum
2440 1511 2748 1575 ducentis

557 1621 783 1704 potius
807 1618 1103 1683 denariis
1124 1624 1178 1655 ²²
1196 1626 1222 1653 ⁰
1263 1616 1572 1694 vendere,
1598 1636 1803 1699 qnam
1842 1616 1993 1697 ipse
2020 1613 2349 1678 leniendae
2378 1611 2577 1675 famis
2606 1630 2753 1693 gra-

628 1795 649 1828 ⁶
668 1798 832 1862 Itaque
853 1800 1133 1861 Casilinum,
1153 1813 1278 1848 rarae
1293 1799 1486 1847 viantis
1502 1798 1713 1859 exemplo
1734 1797 1936 1857 illustre,
1953 1795 2120 1861 fidelis
2150 1794 2373 1843 amicitia·
2398 1791 2747 1857 perseverantia

559 1860 798 1986 288ῗὲἷὶεέ
815 1864 1117 1927 exprobravit
1142 1864 1318 1927 Capuoe
1329 1864 1494 1913 vicinoe
1510 1861 1620 1911 urbi
1646 1863 1936 1924 Campaniae,
1970 1876 2075 1923 qnoe
2096 1859 2280 1908 deliciis
2300 1859 2398 1907 suis
2420 1860 2593 1909 Poenos
2616 1858 2745 1919 fero-

1498 2003 1613 2024 O‘OO
1619 2003 1850 2023 00000000

567 2102 662 2151 mis
683 2101 834 2152 codd.
854 2106 902 2151 te
921 2103 1100 2152 scilicet
1123 2116 1215 2164 pro
1238 2102 1411 2164 vulgg.
1436 2102 1506 2151 iia
1526 2102 1854 2152 scilieet—18
1868 2100 1953 2150 Ita
1974 2100 2133 2150 Aldd.
2160 2100 2327 2149 Colin.
2351 2100 2555 2163 Grypb.
2570 2100 2754 2165 Steph-

565 2166 720 2230 Pigh.
761 2169 856 2215 dte.
923 2166 1130 2229 Guyeto
1167 2165 1493 2214 scribendum
1527 2166 1735 2215 videtur
1754 2180 1771 2214 ι
1804 2166 1937 2213 Idem
1970 2166 2069 2229 (sc.
2110 2165 2359 2223 Senatus)
2382 2166 2670 2215 Casilinates
2688 2198 2755 2215 ....

563 2232 781 2279 mandere
813 2229 974 2277 voluit.
1040 2232 1054 2257 ‘
1073 2228 1354 2278 Nesciebat
1378 2229 1622 2278 videlicet
1646 2228 2010 2292 Apostropben
2034 2228 2101 2277 ad
2122 2230 2487 2277 necessitatem
2512 2244 2624 2277 esse
2647 2228 2763 2279 fac·

571 2301 706 2343 tam:
743 2298 798 2341 et
818 2300 1045 2342 senatum
1069 2294 1350 2343 Romanum
1375 2293 1472 2341 hoc
1493 2293 1717 2341 voluisse
1742 2294 1947 2342 omnino
1969 2292 2156 2342 falsum
2176 2298 2276 2341 est.
2324 2293 2569 2342 Ceterum
2592 2300 2760 2343 totam

567 2357 701 2406 hanc
725 2356 993 2419 periodum
1017 2357 1148 2407 Mss.
1198 2357 1348 2405 Harl.
1382 2358 1510 2419 Cop.
1533 2356 1642 2405 Bit.
1665 2357 1816 2421 prim.
1849 2356 1996 2405 Med.
2029 2358 2179 2419 prim.
2202 2356 2349 2405 Leid.
2384 2357 2537 2420 prim.
2570 2363 2626 2405 et
2660 2371 2765 2407 sec.

569 2421 644 2470 ita
674 2420 1022 2471 constituunt:
1057 2421 1238 2470 Eadem
1280 2421 1562 2472 Casilinates
1605 2420 1844 2470 obsidione
1881 2422 2131 2470 Annibalis
2164 2421 2330 2483 claud,
2354 2421 2766 2486 alimentorumque

559 2485 796 2546 facultate
817 2485 1010 2545 desecti,
1032 2485 1133 2533 lora
1155 2485 1444 2546 necessariis,
1462 2487 1545 2547 ὅτ.
1565 2487 1799 2535 voluistis.
1865 2486 1971 2534 Sed
1992 2484 2139 2535 Med.
2171 2492 2226 2533 et
2254 2485 2413 2534 Barb.
2456 2487 2606 2548 prim.
2646 2500 2765 2535 cum

573 2551 704 2613 Cop.
726 2558 1016 2613 praeterea:
1050 2552 1211 2599 eadem
1230 2551 1362 2598 clade
1387 2549 1671 2598 Casilinates
1687 2566 1703 2598 .·
1736 2548 1894 2599 Barb.
1932 2550 2081 2612 prim.
2107 2551 2237 2611 Cop.
2261 2549 2409 2610 Harl.
2444 2548 2638 2613 Ultraj.
2659 2563 2766 2600 sec.

573 2616 888 2670 manducan,-
924 2613 1069 2663 Leid.
1088 2628 1191 2662 sec.
1214 2615 1492 2662 vduissetis.
1540 2612 1781 2662 Praefero
1800 2613 2079 2663 lectionem
2098 2613 2407 2676 Pighianam
2430 2614 2590 2662 multo
2608 2614 2773 2676 magis

572 2678 768 2727 Valerii
805 2678 956 2741 genio
997 2683 1423 2727 consentaneam:
1457 2684 1512 2726 et
1534 2692 1637 2726 non
1672 2677 1797 2726 satis
1834 2683 1974 2726 recte
2000 2677 2284 2726 Casilinates
2306 2676 2553 2726 dicuntur
2572 2678 2773 2727 voluisse

572 2742 660 2791 illa
699 2743 934 2802 mandere,
964 2742 1050 2805 qui
1087 2755 1326 2804 suprema
1363 2741 1614 2804 compulsi
1646 2741 1963 2791 necessitate
1998 2741 2052 2789 id
2086 2740 2345 2802 fecerunt,
2367 2741 2459 2790 sed
2484 2742 2618 2790 bene
2642 2742 2773 2791 illud

575 2805 828 2855 tribuitur
849 2804 1148 2854 necessitati
1169 2820 1264 2868 per
1285 2804 1736 2868 prosopopoeiam.'
1770 2805 1964 2854 Tora-en.
2008 2804 2117 2854 Pro
2122 2805 2359 2865 facultate
2382 2806 2517 2853 Dan.
2532 2805 2584 2853 in
2607 2817 2775 2868 marg.

565 2869 960 2928 facilitate.—-19
994 2869 1143 2930 Leni,
1167 2875 1215 2918 5.
1237 2869 1433 2932 Ultraj.
1469 2874 1514 2917 1.
1546 2872 1597 2916 2.
1631 2876 1688 2918 et
1706 2868 1829 2918 Vet.
1864 2869 2147 2918 desisterent
2162 2884 2183 2927 ;
2219 2869 2369 2920 Harl.
2401 2871 2779 2919 discederent.—

580 2938 645 2984 2⁰
680 2932 846 2983 Codd.
887 2933 1101 2982 Torren.
1157 2933 1384 2996 quinque
1432 2932 1621 2994 cupida,
1667 2937 1726 2981 nt
1766 2931 2043 2995 legebatur
2103 2940 2223 2983 ante
2264 2933 2651 2996 Pighium.—2l
2685 2933 2779 2984 Sic

579 2995 798 3060 Pighius
821 3011 887 3045 ex
909 2997 1115 3046 Winck.
1142 2997 1255 3046 Col.
1275 2997 1393 3045 Sus.
1427 3002 1482 3044 et
1503 2995 1677 3045 Pulm.
1700 2995 1886 3045 edidit.
1948 2995 2231 3060 Habetque
2276 2998 2351 3046 ita
2386 2996 2607 3058 Herbip.
2628 2997 2781 3056 lmodo

581 3077 742 3110 raram
765 3061 918 3110 estin
938 3061 1120 3122 Camp.
1145 3060 1357 3112 Gembl.
1378 3059 1566 3108 Atreb.
1589 3059 1719 3123 Cop.
1742 3065 1859 3110 ntro
1898 3075 1963 3108 ne
1986 3061 2130 3108 Med.
2154 3061 2304 3110 Harl.
2320 3061 2429 3110 Bit.
2452 3061 2609 3111 Barb.
2631 3061 2782 3112 Leia.

580 3125 720 3174 Ultr.
761 3139 868 3173 sec.
900 3129 954 3172 et
985 3125 1106 3173 Vet.
1147 3126 1436 3173 moderatam
1468 3125 1698 3188 quinque
1732 3123 1860 3172 Leid
1905 3159 1918 3172 .
1950 3125 2139 3188 Ultraj.
2173 3128 2220 3174 1.
2254 3132 2310 3174 et
2341 3122 2476 3174 forte
2498 3125 2691 3176 Canch.
2725 3132 2784 3176 et

583 3186 779 3236 Brand.
801 3201 900 3236 nec
923 3201 1023 3235 non
1049 3186 1166 3236 edd.
1184 3195 1318 3238 vett.
1342 3188 1562 3236 Perizon
1587 3203 1647 3236 us
1680 3187 1819 3248 conj.
1846 3189 2109 3236 Casilinum
2139 3190 2379 3237 contraria
2410 3205 2458 3239 c.
2490 3204 2535 3239 e.
2566 3190 2783 3252 Torren.

583 3264 714 3299 vero
739 3250 1000 3298 Casilinum
1019 3251 1283 3299 roboratam
1303 3252 1504 3312 virtute,
1523 3251 1703 3299 clarum
1732 3253 2095 3313 perseverantis,
2115 3255 2197 3315 qe.
2264 3253 2503 3316 Kappius
2522 3254 2787 3316 vulgatum

585 3312 824 3377 praefert,
847 3321 901 3362 et
919 3315 994 3362 sic
1015 3314 1366 3376 inter-pnngit:
1405 3315 1462 3362 C.
1486 3316 1796 3378 moderatum,
1828 3315 1889 3378 (i.
1924 3329 1971 3364 e.
1998 3315 2335 3380 modestum,)
2372 3317 2553 3366 virtute
2585 3319 2784 3380 clarum,

582 3377 951 3442 perseverantis,
967 3380 1050 3440 ᾃτ.
1099 3378 1292 3442 Ultraj.
1311 3381 1360 3428 l.
1381 3377 1542 3428 habet
1583 3379 1758 3442 pignus
1780 3391 1875 3443 pro
1892 3377 2237 3442 pignora—22
2272 3381 2357 3430 Ita
2374 3381 2531 3431 etiam
2548 3381 2790 3433 Frontin.

657 3593 672 3628 ¹
696 3595 951 3658 Campanoe
966 3593 1123 3657 urbis]
1159 3595 1375 3658 Capuae,
1397 3597 1548 3660 cnjus
1567 3596 1657 3646 de·
1739 3595 1956 3660 potitus.

589 3671 724 3723 liciis
747 3670 918 3720 fracta
941 3670 1250 3720 Hannibalis
1273 3671 1438 3720 virtus
1461 3677 1558 3722 est.
1802 3677 1825 3724 t
1848 3671 1950 3722 An.
1971 3673 2048 3724 M.
2067 3677 2213 3722 3838.
2249 3671 2339 3723 01.
2364 3677 2478 3724 141.
2502 3678 2547 3723 1.
2582 3673 2710 3725 Urb.
2730 3675 2795 3726 C.

660 3755 696 3782 ¹¹¹
720 3746 1078 3796 Perseverantis
1107 3745 1358 3808 amicitioe]
1414 3745 1545 3795 Cum
1590 3746 1657 3794 ad
1737 3752 1853 3798 637.
1889 3747 2015 3798 Ant.
2036 3749 2265 3800 cineis.

592 3837 769 3874 muros
809 3836 962 3885 rapas
994 3820 1350 3883 seminassent,
1393 3820 1657 3872 Hannibal
1800 3830 1825 3856 ¹¹
1852 3823 2067 3873 Trecenti
2088 3825 2399 3888 Praenestini]
2437 3829 2549 3875 540.
2581 3825 2796 3888 Strab03

596 3898 792 3948 dixisse
813 3894 1013 3945 fertur:
1047 3895 1062 3923 ‘
1086 3895 1248 3957 Eone,
1268 3908 1429 3958 usqne
1452 3895 1574 3944 dum
1597 3910 1661 3946 ea
1739 3903 1855 3948 570.
1888 3899 2067 3949 Livius
2091 3909 2349 3949 numerat.
2678 3951 2683 3958 ,

599 3978 902 4032 nascantur,
957 3969 1023 4018 ad
1079 3968 1383 4018 Cassilinum
1426 3983 1662 4020 sessurus
1804 3980 1827 4005 ⁰
1849 3973 2081 4024 Ducentis
2099 3975 2256 4036 potins
2268 3975 2503 4038 denariis]
2533 3975 2620 4025 Ita
2640 3975 2802 4026 etiam

603 4046 786 4095 sum?
822 4058 1101 4108 eorumque
1140 4050 1401 4106 permotus
1424 4053 1664 4095 constan·
1742 4047 2053 4097 Frontinus:
2106 4041 2295 4098 Strabo
2336 4049 2575 4100 ducentis
2617 4050 2803 4117 drach-

603 4121 696 4183 tia,
736 4119 805 4168 ds
841 4120 1121 4170 liberorum
1163 4121 1391 4184 capitum
1427 4119 1667 4186 redemp·
1746 4122 1862 4184 mis,
1893 4122 2091 4170 Plinius
2108 4120 2345 4173 ducentis
2374 4125 2593 4175 nummis
2610 4131 2803 4176 emtum

604 4197 746 4245 tione
769 4195 852 4259 agi
873 4207 1053 4258 passus
1080 4201 1180 4259 est,
1197 4199 1254 4244 et
1275 4195 1402 4247 data
1417 4193 1519 4246 fide
1539 4195 1667 4248 urbe
1748 4213 1947 4248 murem
1968 4204 2236 4248 memorat.
