3144 4925
736 413 900 461 cAP.
935 412 1066 461 vu.
1117 412 1214 462 ns
1261 412 1791 466 'resisum-zris
1838 416 2234 472 nescissrs.
2454 403 2576 469 721

1256 698 1470 765 CAP.
1532 700 1709 768 VII.

788 892 919 958 DE
961 892 1640 963 TESTAMENTIS
1688 895 2190 967 RESCISSIS.

417 1080 442 1125 1
481 1075 656 1125 Patris
681 1076 768 1140 qui
807 1076 966 1127 filium
999 1078 1445 1131 exhaeredaverat.
1557 1083 1589 1127 6
1624 1079 1853 1131 Terentii
1874 1080 2161 1145 cujusdam.

413 1146 446 1191 2
484 1142 558 1190 Μ.
581 1139 772 1190 Anneii
794 1141 1103 1195 Carseolani.
1557 1148 1593 1192 6
1626 1144 1677 1194 N
1681 1146 1863 1194 aeviani
1887 1146 2169 1209 cujusdam.

415 1210 446 1253 3
485 1206 545 1254 C.
565 1206 750 1255 Tettii.
1558 1210 1591 1255 7
1622 1208 1857 1260 Juventii
1878 1211 2163 1275 cujusdam.

414 1273 448 1320 4
481 1268 729 1333 Septicia
747 1270 1114 1322 Trachalorum
1135 1274 1334 1325 matris.

473 1432 847 1503 VAcEMUs
877 1458 1054 1503 nunc
1081 1442 1382 1523 negotio,
1404 1446 1593 1528 quod
1622 1454 1919 1513 actorum
1942 1449 2232 1518 hominis
2253 1461 2273 1492 ¹
2322 1459 2391 1519 et
2416 1474 2589 1539 prae-

385 1537 610 1621 cipuae
641 1552 846 1619 curae,
865 1546 936 1606 et
963 1542 1178 1608 ultimi
1195 1551 1300 1611 est
1327 1547 1650 1630 temporis
1673 1561 1739 1626 3⁸
1768 1552 2395 1639 consideremusque
2430 1574 2593 1639 qum

387 1644 788 1705 testamenta
810 1649 930 1707 aut
958 1645 1254 1711 rescissa
1291 1655 1449 1713 sunt
1492 1650 1787 1731 legitime
1839 1652 2061 1735 facta3
2106 1660 2239 1733 aut,
2270 1676 2421 1721 cum
2451 1678 2591 1723 me-

383 1742 514 1805 rito
573 1743 866 1808 rescindi
923 1755 1230 1827 possent,
1288 1756 1432 1815 rata
1483 1761 1915 1819 manserunt:
1971 1775 2212 1838 quaeve
2268 1758 2357 1822 ad
2390 1759 2591 1833 alios,

389 1864 595 1940 quam
662 1848 781 1931 qui
835 1853 1315 1933 expectabant,
1367 1852 1685 1919 honorem
1745 1856 2169 1923 haereditatis
2230 1862 2587 1926 transtule-

389 1952 560 2011 runt.

475 2049 538 2113 1.
581 2047 812 2134 Atque
853 2051 1008 2133 ista,
1037 2060 1114 2119 ut
1157 2055 1412 2135 ordine,
1431 2063 1458 2093 ²
1502 2077 1638 2141 quo
1666 2059 2017 2143 proposui,
2047 2078 2374 2143 exequar,
2416 2063 2594 2127 mili-

389 2153 596 2218 tantis
639 2154 995 2238 cujusdam
1027 2162 1236 2239 pater,
1267 2177 1420 2222 cum
1469 2159 1555 2223 de
1593 2164 1807 2224 morte
1850 2160 1971 2225 filii
2012 2161 2254 2227 falsum
2282 2182 2325 2227 e
2347 2166 2592 2231 castris

389 2255 700 2321 nuntium
718 2258 1128 2340 accepisset,
1153 2259 1306 2323 aliis
1333 2260 1715 2325 haeredibus
1732 2262 2003 2345 scriptis
2032 2264 2351 2329 decessit.
2426 2266 2591 2331 Per-

391 2358 564 2422 actis
598 2357 836 2423 deinde
867 2360 1243 2444 stipendiis,
1273 2362 1671 2427 adolescens
1714 2382 2045 2441 reversuS,
2078 2365 2349 2431 domum
2373 2386 2589 2433 errore

387 2461 608 2544 patris
665 2461 1219 2547 impudentiaque
1273 2467 1633 2530 amicorum
1706 2465 1838 2530 sibi
1916 2467 2219 2532 clausam
2294 2471 2590 2554 reperit.³

393 2561 582 2640 Quid
611 2565 792 2628 enim
815 2565 952 2629 illis
993 2565 1496 2631 inverecundius
1517 2566 1548 2629 'l
1592 2565 1821 2629 florem
1858 2567 2151 2650 juventae
2180 2589 2307 2650 pro
2353 2572 2594 2654 repub-

389 2666 530 2734 lica
557 2667 996 2742 absumetur,
1047 2667 1378 2731 maximos
1421 2668 1689 2732 labores
1721 2673 1793 2730 et
1824 2667 2117 2751 plurima
2158 2670 2456 2752 pericula
2488 2680 2593 2736 to-

390 2768 742 2845 leraverat,
761 2767 1044 2835 adverso
1062 2787 1337 2852 corpore
1357 2776 1694 2852 exceptas
1711 2775 1743 2816 4
1787 2769 2189 2835 ostendebat
2210 2771 2591 2836 cicatrices:

395 2873 466 2934 et
493 2870 910 2952 postulabat,
940 2873 962 2904 ‘
985 2891 1067 2934 ne
1086 2877 1110 2918 ⁵
1157 2872 1376 2936 avitos
1407 2871 1554 2954 ejus
1598 2872 1773 2936 lares
1802 2871 2027 2936 otiosa
2056 2873 2189 2956 ipsi
2219 2874 2369 2937 urbi
2397 2893 2593 2938 onera

392 2957 897 3053 possiderent*
985 2971 1230 3056 Itaque
1274 2972 1605 3055 depositis
1654 2972 1860 3036 armis
1904 2961 2182 3038 coactus
2222 2980 2328 3038 est
2355 2975 2425 3038 in
2451 2975 2594 3039 foro

459 3179 490 3250 ⁰·
505 3173 562 3222 N
560 3187 648 3222 m
667 3188 768 3224 rem
785 3187 1134 3238 persequamur,
1161 3188 1300 3236 quam
1313 3173 1522 3223 homines
1537 3178 1588 3222 et
1602 3174 1811 3221 maxima
1824 3188 1956 3236 cara,
1972 3179 2019 3224 et
2034 3181 2249 3225 extremo
2260 3179 2374 3226 υἱέα)
2392 3182 2597 3240 tempore

381 3238 799 3378 fffussgpetebat,
819 3317 877 3378 ης
897 3301 972 3350 illi
993 3302 1135 3352 otiosi
1152 3303 1365 3370 haeredes
1379 3303 1551 3367 scripti
1574 3319 1604 3352 a
1632 3305 1789 3365 patre,
1822 3301 1903 3365 qai
1924 3303 2111 3354 civitati
2132 3310 2269 3354 erant
2301 3306 2452 3368 oneri,
2486 3320 2599 3369 poe·

394 3367 608 3417 aderent
626 3367 816 3418 domum
835 3380 933 3428 que
953 3367 1012 3416 ab
1034 3369 1138 3415 avis
1157 3373 1410 3430 acceptam.

1317 3507 1440 3530 ‘m

464 3614 494 3659 1
529 3610 722 3674 Ultraj.
744 3615 792 3658 1.
823 3613 945 3674 qaod
980 3616 1248 3668 cunctorum
1285 3611 1640 3663 hominum—2
1674 3619 1689 3642 ‘
1709 3613 1797 3663 Sic
1827 3611 2056 3660 nonnulli
2088 3609 2243 3674 codd.
2280 3611 2399 3659 alii:
2437 3612 2598 3672 Atque

395 3681 452 3724 at
476 3686 532 3724 ea
548 3675 741 3731 ordine:
774 3689 914 3737 φατε,
946 3674 1102 3738 Atque
1123 3675 1196 3723 ita
1215 3680 1270 3723 ut
1289 3689 1346 3724 ea
1365 3677 1527 3726 ordine
1541 3692 1560 3735 ‚-
1594 3677 1819 3740 quidam,
1851 3677 2009 3738 Atque
2026 3678 2099 3724 ita
2120 3676 2302 3725 ordine.
2346 3674 2505 3736 Atque
2528 3676 2599 3722 ita
2637 3715 2645 3720 .

397 3745 454 3788 nt
473 3754 529 3788 ea
549 3735 712 3788 ordine
735 3739 1008 3800 legebatur
1031 3745 1151 3787 ante
1176 3738 1416 3801 Pighium
1440 3741 1494 3788 in
1516 3741 1749 3790 omnibns
1778 3740 1905 3788 Edd.
1973 3739 2087 3788 An?
2133 3740 2291 3800 Atque
2325 3737 2421 3786 ista
2456 3742 2508 3786 at
2545 3753 2597 3786 eo

399 3802 580 3865 ordine,
613 3817 704 3864 quo
721 3802 961 3866 proposui,
992 3801 1258 3864 exsequar?
1290 3802 1514 3853 Torren.
1581 3805 1710 3853 Mox
1746 3805 1917 3854 alienis
1944 3803 2205 3852 lacer-edibus
2238 3802 2292 3858 ἰιι
2314 3800 2461 3850 Leid.
2482 3805 2599 3851 6.-

400 3871 432 3915 3
468 3867 554 3916 Ita
589 3866 808 3930 Pighius
847 3880 914 3915 ex
951 3867 1066 3917 Sus.
1104 3873 1160 3915 et
1193 3866 1364 3916 Pulm.
1402 3882 1552 3930 quem
1585 3869 1675 3915 alii
1712 3868 1941 3915 editores
1962 3867 2127 3916 secuti
2148 3873 2297 3914 sunt:
2334 3865 2421 3912 alii
2442 3864 2596 3914 codd.

401 3945 519 3980 cum
539 3929 661 3980 edd.
684 3935 812 3980 ,vett-
844 3931 1112 3980 adoleeeem
1129 3931 1314 3978 domum
1345 3931 1491 3994 petit,
1523 3931 1633 3994 (vel
1660 3929 1849 3994 petiit,)
1879 3945 2037 3980 errore
2070 3945 2118 3992 ρ.
2146 3931 2184 3978 ἰ.
2214 3945 2262 3978 a.
2298 3931 2485 3977 domam
2504 3929 2600 3977 sibi

397 4011 442 4046 e.
474 3995 670 4058 reperit.
737 3995 855 4045 Vox
875 3998 1060 4046 domam
1082 3995 1134 4043 in
1155 3993 1391 4044 omnibus
1413 3996 1725 4058 geminatur,
1758 3995 1850 4043 sed
1874 3995 1927 4042 in
1952 3993 2257 4058 quibusdam
2281 3994 2457 4041 statim
2482 4000 2601 4056 post

395 4059 524 4122 petit
547 4059 864 4110 collocatur:
899 4071 1116 4110 reversas
1147 4059 1200 4107 in
1235 4060 1375 4108 nullo
1399 4059 1501 4108 allo
1523 4060 1657 4108 libro
1679 4065 1968 4122 comparet,
1998 4063 2053 4108 et
2076 4056 2389 4120 ejiciendum
2414 4063 2603 4119 putant

400 4123 622 4174 Torren.
642 4131 697 4174 et
719 4125 896 4189 Kapp.
964 4126 979 4154 ‘
1005 4124 1112 4173 Pro
1137 4123 1316 4186 reperit
1337 4125 1526 4186 Copes.
1559 4125 1777 4186 reperiit,
1812 4137 1879 4171 ex
1916 4137 2018 4186 quo
2060 4122 2217 4170 verbo
2252 4135 2479 4171 errorem
2516 4122 2599 4170 hic

403 4193 580 4237 natum
617 4188 856 4246 arbitror,
889 4195 946 4238 et
982 4189 1128 4252 lego:
1176 4189 1440 4236 adolescens
1470 4189 1655 4236 domum
1696 4201 1851 4237 errore
1887 4187 2337 4250 patrie‚...repetiit.·
2372 4187 2601 4236 nonnulli

403 4250 556 4302 codd.
586 4253 924 4315 imprudentia,
953 4251 1047 4302 sed
1069 4251 1277 4302 omnino
1301 4251 1468 4302 male?
1502 4253 1797 4302 Tenem-4
1832 4251 1979 4302 Harl.
2003 4252 2146 4301 delet
2168 4257 2477 4314 exceptas—5
2514 4251 2601 4298 Bi·

538 4334 714 4398 Delpli.
735 4338 784 4383 et
811 4332 926 4382 Var.
947 4333 1076 4383 Clas.
1361 4332 1466 4381 Val.
1490 4333 1630 4385 Max.
2360 4335 2392 4379 2
2428 4329 2471 4378 Z
