3144 4925
601 371 733 436 514
1201 381 1514 432 vALERn
1566 382 1861 432 MAxrm
1908 383 2054 432 ma.
2098 383 2163 429 v.

601 547 786 594 more
833 525 1282 591 Macedonum
1324 527 1643 603 habebat,
1672 528 1886 592 texit:
1932 527 2329 610 corporique
2372 527 2613 610 Pyrrhi
2654 529 2803 594 red-

602 631 838 707 ditum,
866 630 1396 716 honoratissime·
1428 628 1849 692 cremandum
1903 629 2184 692 curavit.
2277 626 2461 706 Quin
2489 630 2690 694 etiam
2723 628 2801 694 si-

600 732 766 796 lium
795 731 942 815 ejus
973 731 1308 795 Helenum
1338 730 1680 812 captivum
1706 737 1731 763 ⁸
1773 729 1859 792 ad
1893 750 1965 794 se
1994 736 2425 813 pertractum,
2448 737 2517 795 et
2545 731 2799 796 cultum

599 841 672 897 et
702 835 990 898 animum
1015 832 1071 881 ⁸⁴
1113 851 1328 914 gerere
1356 832 1607 912 regium
1630 831 1880 922 jussit:
1928 850 2214 914 ossaque
2236 831 2477 915 Pyrrhi
2499 831 2525 868 ²²
2566 835 2650 910 ei,
2678 854 2799 899 au·-

596 955 711 1000 rea
762 955 930 1000 urna
981 936 1264 1011 inclusa,
1299 933 1571 1016 Epirum
1619 935 1686 997 in
1715 934 2000 1017 patriam
2051 933 2138 996 ad
2170 933 2626 998 Alexandrum
2664 935 2800 1000 fra-

599 1043 772 1102 trem
793 1045 817 1072 0
861 1036 1186 1120 portanda
1214 1027 1451 1099 dedit?

683 1143 747 1202 5.
792 1137 1127 1222 Campani
1155 1143 1381 1202 autem
1400 1138 1761 1202 exercitum
1783 1141 2081 1200 nostrum
2110 1155 2264 1200 eum
2287 1135 2681 1202 consulibus
2700 1137 2754 1184 ⁸⁵
2770 1135 2799 1173 ‘¹

597 1241 779 1325 apud
813 1240 1147 1304 Caudinas
1189 1224 1461 1317 furcas:
1503 1239 1631 1302 sub
1672 1239 1905 1322 jugum
1936 1256 1979 1300 a
2008 1233 2459 1302 Samnitibusf
2493 1239 2795 1317 missum,

491 1415 513 1434 x
596 1361 724 1406 nec
750 1343 1058 1406 inermem
1102 1347 1387 1418 tantum,
1419 1340 1541 1404 sed
1589 1340 1792 1404 etiam
1836 1337 2085 1402 nudum
2133 1339 2363 1404 urbem
2385 1336 2439 1377 ⁸⁶
2478 1358 2665 1402 suam
2694 1341 2794 1403 in-

595 1449 896 1522 trantem,
924 1443 1200 1526 perinde
1229 1461 1311 1506 ac
1342 1443 1690 1518 victorem,
1719 1447 1785 1506 et
1814 1440 2038 1524 spolia
2070 1440 2365 1506 hostium
2405 1460 2549 1523 prae
2577 1460 2649 1504 se
2695 1442 2795 1505 fe-

592 1552 864 1622 rentem,
908 1546 1378 1609 venerabiliter
1421 1550 1865 1628 exceperunt:
1922 1541 2355 1625 protinusque
2398 1543 2793 1607 consulibus

589 1645 881 1728 insignia
924 1645 1220 1724 honoris,
1251 1645 1575 1711 militibus
1621 1650 1900 1721 vestem,
1936 1663 2141 1720 arma,
2172 1663 2411 1727 equos,
2456 1664 2793 1708 commea-

590 1752 729 1811 tum
779 1747 1254 1828 benignissime
1302 1734 1709 1830 praestando,
1742 1751 1808 1809 et
1856 1745 2163 1826 inopiam
2210 1751 2275 1808 et
2302 1743 2788 1810 deformitatem

590 1847 918 1914 Romanae
949 1848 1163 1913 cladis
1192 1853 1559 1940 mutarunt..
1637 1845 1796 1925 Quo
1827 1847 2051 1909 animo
2083 1847 2144 1910 si
2176 1865 2297 1928 pro
2322 1847 2603 1929 imperio
2632 1866 2788 1911 uos-

1508 2009 1867 2030 OOOOOOOOOOOO

588 2128 653 2177 ad
699 2128 944 2176 Graecum
983 2125 1154 2175 καυσία
1185 2126 1542 2176 accedit.—84
1578 2129 1845 2190 Excerpta
1884 2125 2123 2176 Gudiaua
2160 2128 2398 2176 annulum.
2466 2127 2593 2175 Mox
2636 2127 2793 2178 codd.

585 2193 798 2242 Torren.
833 2205 1024 2254 ossaque
1047 2197 1094 2240 et
1125 2190 1450 2255 Pyrrhi.—85
1487 2191 1655 2242 Codd.
1698 2193 1893 2254 aliquot
1927 2206 2033 2240 cum
2068 2193 2283 2247 consule:
2319 2199 2374 2239 et
2409 2199 2593 2254 postea
2631 2192 2785 2243 iidem

582 2257 908 2305 consult—86
943 2256 1090 2305 Harl.
1129 2256 1182 2303 in
1203 2255 1378 2305 urbem.
1418 2256 1591 2306 Bitur.
1618 2261 1663 2307 1.
1694 2255 1892 2320 proinde
1913 2271 1969 2304 ac
1989 2256 2359 2305 victorem—8⁷
2394 2255 2542 2305 Leid.
2566 2261 2615 2305 2.
2642 2256 2787 2308 delet

1571 2401 1787 2452 No'rAE

645 2538 668 2564 ³
694 2532 928 2580 Helenum
969 2530 1228 2594 captivum]
1274 2532 1338 2581 In
1381 2530 1640 2581 Helenum
1723 2533 1925 2581 clausus
1958 2530 2009 2580 iu
2043 2532 2213 2581 medio
2252 2546 2597 2595 campus,per
2629 2547 2783 2596 quem

577 2607 816 2656 obsoleta
857 2613 1096 2668 opertum
1132 2607 1456 2670 chlamydula
1501 2604 1640 2655 forte
1720 2608 1949 2658 medinm
1973 2610 2077 2658 iter
2109 2616 2211 2657 est.
2278 2610 2364 2657 lta
2396 2607 2570 2657 Livius
2593 2608 2681 2658 lib.
2700 2623 2783 2659 11.

573 2684 761 2733 incidit
783 2683 1078 2748 Alcyoneus
1093 2702 1109 2744 3
1144 2692 1250 2732 tum
1275 2698 1392 2733 eum
1413 2683 1639 2748 benigue
1784 2683 1804 2717 f
1818 2684 1917 2734 Sub
1941 2686 2117 2747 jugum
2135 2701 2167 2734 ιι
2203 2684 2520 2747 Samnitibus]
2557 2685 2616 2734 C.
2642 2684 2782 2734 Pon-

577 2761 827 2824 appellat,
847 2766 901 2809 et
925 2758 990 2807 ad
1017 2765 1215 2821 patrem
1241 2760 1472 2809 adducit.
1537 2759 1635 2809 Cui
1722 2758 1823 2808 tius
1867 2760 2173 2808 Samnitium
2209 2757 2313 2807 dux
2346 2759 2485 2808 circa
2526 2759 2780 2809 Caudium

573 2837 866 2899 Antigonus
887 2852 899 2885 ε
959 2836 974 2862 ‘
999 2835 1223 2895 Melius,’
1269 2836 1456 2898 inquit,
1498 2835 1513 2863 ‘
1538 2836 1634 2897 sic,

573 2926 728 2975 quam
758 2917 900 2972 aute,
937 2910 1045 2970 fili3
1097 2910 1187 2959 sed
1215 2918 1386 2959 tamen
1411 2926 1476 2959 ne
1499 2924 1635 2959 nune

573 2985 778 3049 quidem
803 2992 966 3045 recte,
985 2985 1120 3048 quod
1139 2995 1335 3034 vestem
1351 2985 1501 3049 banc,
1516 3000 1634 3049 quae

570 3074 665 3107 nos
685 3058 906 3107 victores
922 3058 1277 3121 dedecet,non
1300 3060 1631 3110 detraxeris!

570 3134 690 3183 Hoc
715 3134 857 3183 Plut.

635 3207 658 3240 Ι)
684 3209 893 3269 Ossaque
914 3209 1116 3272 Pyrrhi]
1165 3210 1357 3258 Scribit
1391 3210 1629 3261 Justinus

569 3282 774 3331 Heleno
798 3282 1040 3345 insepulti
1066 3284 1227 3346 patris
1261 3298 1378 3333 ossa
1392 3285 1445 3333 in
1468 3286 1626 3348 patri-

565 3372 648 3406 am
674 3356 947 3406 referenda
968 3358 1188 3409 dedisse.

628 3440 650 3464 0
673 3434 753 3481 Aa
789 3433 1112 3482 Alexandrum
1128 3432 1362 3498 fratrem]
1412 3434 1466 3483 Is
1489 3436 1622 3499 Pyr-

564 3508 643 3556 rhi
659 3506 794 3555 filius
809 3506 926 3567 fuit,
950 3516 1004 3557 et
1033 3509 1222 3557 Heleni
1242 3508 1426 3559 frater.

628 3585 658 3613 '¹
684 3582 776 3631 Au.
801 3582 878 3629 M.
902 3586 1047 3632 3782.
1076 3583 1164 3633 Ol.
1185 3588 1300 3634 427.
1323 3590 1370 3635 1.
1405 3585 1535 3635 Urb.
1563 3587 1622 3636 C.

562 3663 680 3707 481.
715 3658 838 3707 Ant.
864 3658 955 3708 Ch.
977 3662 1091 3708 271.

627 3732 650 3765 ‘¹
678 3735 798 3783 Cum
833 3734 1117 3796 consulib-us]
1174 3736 1233 3785 Τ.
1267 3736 1484 3785 Veturio
1508 3739 1623 3787 Cal·

561 3809 680 3858 vino
705 3816 760 3857 et
779 3812 868 3873 sp.
893 3809 1196 3858 Posthumio
1220 3809 1429 3860 Albino.

625 3892 647 3916 θ
674 3885 910 3933 Caudinas
951 3885 1144 3948 furcas]
1215 3887 1336 3935 Non
1378 3888 1558 3950 procul
1593 3903 1624 3938 a

559 3960 886 4023 Benevento,
928 3964 1004 4011 ita
1025 3972 1175 4013 uatus
1199 3965 1344 4013 locus
1368 3972 1483 4014 est:
1521 3968 1620 4015 sal·

558 4040 641 4083 tus
663 4035 764 4084 duo
785 4039 894 4101 alti,
916 4040 1138 4103 angusti,
1163 4042 1456 4105 sylvosique
1474 4051 1621 4116 sunt3

559 4111 817 4159 montibus
837 4114 977 4162 circa
1001 4131 1055 4164 se
1101 4119 1364 4181 perpetuis
1407 4118 1542 4169 inter
1563 4135 1621 4170 se

554 4186 764 4254 juncti:
796 4188 940 4251 jacet
977 4190 1116 4239 inter
1155 4208 1241 4242 eos
1266 4195 1391 4244 satis
1415 4202 1622 4258 patens,

1717 2842 1889 2885 castra
1926 2850 2079 2899 quam
2119 2842 2296 2898 potest
2337 2834 2681 2883 occultissime
2704 2835 2781 2884 lo·

1716 2919 1835 2961 cat:
1873 2919 1979 2960 tum
2001 2925 2259 2959 rumorem
2281 2911 2455 2973 spargi
2485 2910 2642 2972 jubet
2676 2912 2779 2959 Lu·
2856 2943 2869 2950 -

1714 2987 1907 3036 ceriam
1944 2986 2203 3035 Samnites
2249 2984 2639 3048 circumsidere,
2680 3000 2779 3036 nec

1717 3064 1898 3125 procul
1916 3062 2114 3123 abesse,
2132 3076 2285 3126 quam
2301 3061 2352 3110 vi
2369 3062 2582 3125 capiant
2600 3078 2615 3123 ;
2650 3065 2780 3112 Con·

1714 3140 1849 3186 sales
1890 3139 2047 3200 viam,
2094 3154 2211 3203 quae
2250 3138 2461 3187 brevior
2501 3146 2635 3200 erat,
2678 3154 2773 3203 per

1713 3209 1886 3261 furcas
1924 3212 2184 3262 Caudinas
2219 3222 2540 3277 sequuntur:
2595 3223 2649 3263 at
2689 3216 2777 3265 ubi

1710 3288 1949 3351 ingressi,
1988 3291 2208 3339 alterum
2252 3291 2449 3340 exitum
2490 3291 2780 3354 arboribus,

1704 3365 1923 3414 alterum
1970 3366 2280 3415 Samnitium
2342 3368 2496 3415 armis
2542 3368 2771 3419 clausum

1702 3438 1991 3491 inveniunt.
2046 3442 2346 3491 Herennius
2383 3442 2558 3492 Pontii
2603 3453 2777 3508 pater,

1702 3516 1784 3563 vir
1803 3516 1958 3579 longe
1981 3517 2432 3579 prudentissimus,
2449 3521 2651 3570 censuit
2675 3523 2776 3571 Ro-

1703 3605 1901 3653 manos,
1924 3595 2007 3641 vel
2041 3594 2162 3643 inde
2196 3596 2579 3658 quamprimum
2613 3597 2770 3646 invio-

1704 3668 1835 3716 latos
1860 3668 2220 3734 dimittendos,
2241 3671 2324 3719 vel
2348 3672 2412 3720 ad
2436 3686 2593 3721 unum
2615 3674 2772 3722 inter-

1704 3743 1985 3794 ficiendos:
2038 3755 2221 3795 neutra
2252 3748 2511 3796 sententia
2532 3755 2770 3811 accepta,

1706 3822 1799 3870 sub
1814 3822 1995 3885 jugum
2020 3838 2197 3873 omnes
2222 3824 2359 3873 mitti
2384 3826 2615 3888 placuit;
2666 3827 2769 3889 pri-

1702 3912 1841 3945 mum
1881 3898 2131 3948 Consules
2174 3913 2336 3963 prope
2382 3900 2637 3949 seminudi
2674 3902 2769 3951 sub

1692 3974 1877 4037 jugum
1914 3974 2075 4036 missi,
2109 3982 2216 4024 tum
2257 3983 2318 4024 ut
2347 3976 2568 4039 quisque
2602 3975 2769 4039 gradu

1703 4050 1962 4113 proximus
1986 4059 2119 4111 erat,
2156 4050 2234 4099 ita
2271 4051 2565 4113 ignominiae
2588 4052 2766 4115 objec-

1702 4128 1817 4175 tus:
1856 4124 2103 4188 deinceps
2126 4125 2343 4197 singulae
2364 4127 2615 4191 legiones.
