3144 4925
679 394 839 441 cn.
873 393 922 440 1.
970 391 1066 442 ns
1114 393 1625 444 ΗυΜΑΝιτΛτΒ
1676 395 1769 445 m·
1816 399 2279 449 cnnmnwrm.
2450 387 2581 452 501

377 535 629 614 omnia,
675 555 833 620 quae
891 537 977 601 ad
1025 539 1478 603 valetudinem·
1517 559 1691 624 opus
1736 549 1979 620 essent,
2025 529 2473 626 praeberentur
2493 567 2509 610 ε
2528 554 2576 594 ¹³

377 637 832 720 impensaeque
879 637 1248 704 liberaliter
1291 659 1446 704 cum
1471 642 1629 725 ipsi,
1659 649 1801 706 tum
1853 645 1979 708 toti
2022 647 2369 712 comitatui
2398 666 2577 731 prae-

375 743 758 802 starentur.·
817 738 1056 804 Naves
1123 741 1352 818 etiam,
1411 747 1493 805 ut
1555 743 2123 826 prospicerentur,
2188 749 2439 830 quibus
2496 769 2573 816 se

373 839 563 909 bene·
580 861 665 904 ac
693 847 848 904 tuto
875 861 1034 906 cum
1053 842 1196 906 suis
1223 842 1298 906 in
1318 840 1622 908 Africam
1641 845 2065 929 trajiceret.¹4
2132 847 2499 932 Equitibus
2520 857 2571 898 ¹⁵

371 942 675 1022 singulas
717 943 946 1007 libras'
971 945 1246 1026 argenti,
1271 948 1340 1008 et
1383 948 1749 1028 quingenos
1798 949 2141 1013 sestertios
2185 951 2329 1014 dari
2361 952 2573 1036 impe-

370 1044 567 1107 ravit.
657 1040 836 1122 Quae
877 1053 1014 1109 tam
1058 1052 1326 1127 promta
1371 1054 1441 1110 et
1471 1054 1611 1112 tam
1630 1046 1683 1088 ¹⁶
1726 1048 2073 1132 exquisita
2118 1058 2381 1132 patrum
2408 1072 2572 1118 con-

369 1145 777 1227 scriptorum
805 1146 1180 1212 humanitas
1223 1149 1479 1213 efficere
1523 1150 1771 1233 potuit,
1802 1158 1898 1228 ut,
1931 1151 2137 1214 etiam
2172 1153 2231 1214 si
2260 1154 2571 1236 expiras-

369 1251 478 1309 set
504 1247 922 1325 adolescenS,
951 1250 1248 1332 aequiore
1293 1251 1516 1316 animo
1561 1252 1965 1317 desiderium
2008 1253 2155 1336 ejus
2181 1263 2373 1337 pater
2399 1257 2571 1322 tole-

367 1355 594 1414 raret*
681 1349 870 1414 Idem
917 1357 1215 1429 senatuS,
1244 1371 1398 1417 cum
1427 1354 1514 1417 ad
1553 1353 2013 1436 gratulandum
2058 1356 2189 1419 sibi
2215 1356 2529 1424 Prusiam
2550 1355 2575 1396 ¹

368 1449 712 1534 Bithyniae
755 1469 973 1534 regem
1022 1451 1234 1517 Perse
1279 1454 1548 1520 devicto
1588 1456 1815 1519 venire
1835 1463 1887 1504 ¹⁷
1932 1457 2249 1536 audisset,
2292 1460 2566 1526 obviam

364 1552 467 1616 illi
528 1551 611 1617 P.
643 1551 1028 1618 Cornelium
1087 1555 1470 1638 Scipionem
1524 1561 1927 1639 quaestorem
1981 1557 2288 1640 Capuam
2344 1562 2563 1626 misit:

365 1655 759 1737 censuitque
787 1660 864 1719 ut
889 1655 1130 1720 domus
1158 1655 1220 1720 ei
1251 1657 1495 1722 Romae
1529 1677 1731 1742 quam
1776 1661 2035 1741 optima
2063 1660 2563 1739 conduceretur,

364 1760 437 1818 et
465 1755 690 1838 copiae
711 1755 762 1794 ¹⁸
805 1775 946 1822 non
974 1756 1189 1821 solu'm
1217 1758 1377 1841 ipsi,
1409 1759 1529 1824 sed
1571 1761 1775 1824 etiam
1820 1761 2182 1824 comitibus
2211 1761 2359 1843 ejus
2391 1764 2563 1845 pub-

361 1857 497 1921 lice
541 1859 1009 1940 praeberentur.
1097 1860 1180 1923 In
1231 1881 1446 1945 eoque
1493 1861 1895 1945 excipiendo
1928 1866 2067 1927 tota
2111 1863 2271 1926 urbs
2292 1871 2317 1909 ⁸
2358 1865 2561 1928 unius

361 1958 634 2022 humani
665 1960 864 2025 amici
894 1961 1148 2026 vultum
1177 1951 1524 2026 habuit.0'·
1580 1961 1822 2046 Itaque
1852 1962 1968 2045 qui
1992 1963 2491 2028 amantissimus
2509 1973 2563 2016 ¹⁹

425 2183 448 2208 .-
473 2177 682 2240 Totaque
715 2178 886 2227 civitae
915 2184 1054 2228 tanta
1075 2177 1390 2228 benevolentia
1419 2179 1554 2230 illum
1592 2180 1795 2244 excepit,
1826 2185 2001 2244 quanta
2022 2195 2125 2230 eum
2145 2182 2406 2244 excepisset
2425 2182 2561 2232 homo

352 2241 431 2290 tui
455 2242 584 2304 Regi
603 2243 928 2294 municissimum

1281 2337 1342 2356 Ν
1345 2337 1636 2357 mmm&

357 2447 494 2492 -13
527 2443 653 2493 Tres
678 2443 828 2493 codd.
851 2445 1067 2496 Tot-ren.
1089 2459 1204 2509 opus
1234 2450 1373 2507 esset,
1393 2445 1625 2509 proeberet
1637 2461 1658 2503 ,·
1692 2451 1913 2510 quatuor
1933 2447 2183 2511 ejusdem,
2206 2453 2360 2497 emate
2378 2449 2559 2513 praebe-

356 2514 488 2556 rent.
554 2509 764 2558 Deinde
788 2510 1022 2573 plerique
1047 2511 1201 2560 codd.
1227 2516 1328 2559 tum
1360 2511 1474 2573 ipsi,
1493 2516 1596 2559 tum
1616 2512 1726 2572 toti,
1759 2514 1971 2574 ssa—14
2005 2514 2089 2561 Ita
2128 2512 2282 2575 Pigh.
2314 2528 2379 2563 ex
2400 2513 2555 2564 codd.

356 2574 445 2621 cni
469 2572 650 2621 favent
673 2574 868 2623 Brand.
899 2579 944 2623 1.
965 2578 1015 2623 2.
1039 2582 1094 2622 et
1113 2588 1289 2623 omnes
1310 2574 1524 2623 Torren.
1565 2589 1684 2625 cum
1720 2576 1841 2625 Vct.
1867 2577 2009 2637 Mog.
2052 2576 2274 2641 Hei-bip.
2299 2584 2354 2627 et
2376 2578 2557 2627 Chalc.

359 2636 530 2686 Aldus
553 2651 678 2685 vero
714 2637 980 2687 ediderat:
1031 2639 1132 2701 ipse
1167 2638 1278 2686 bene
1297 2654 1354 2687 ac
1384 2644 1488 2687 tuto
1507 2654 1550 2687 c.
1584 2655 1626 2688 s.
1650 2640 1702 2688 in
1742 2641 1807 2689 A.
1840 2640 2283 2701 “dicentum—15
2319 2642 2560 2694 Perizon.

357 2702 502 2765 conj.
538 2702 608 2749 Et
627 2702 878 2763 equitibus.
942 2702 1050 2750 Pro
1071 2703 1328 2765 quingenos
1348 2703 1550 2763 aliquot
1569 2704 1785 2751 Torren.
1820 2704 2097 2765 quingentos
2112 2722 2133 2762 ,-
2165 2706 2389 2769 quinque
2422 2707 2561 2769 ejun-

355 2766 478 2815 dem
499 2765 871 2829 quinquagenos,
909 2773 964 2814 et
1001 2767 1075 2813 sie
1114 2766 1386 2829 legendum
1426 2767 1631 2827 putavit
1672 2766 2113 2818 Glareanus.—-16
2143 2769 2231 2818 Ita
2254 2771 2466 2818 Tor-ren.
2487 2784 2556 2818 ex

356 2829 481 2879 edd.
506 2830 666 2893 antiq.
701 2839 756 2879 et
794 2829 1030 2878 omnibus
1072 2828 1184 2878 fere
1223 2829 1374 2880 codd.
1407 2835 1597 2891 promtu
1629 2834 1676 2878 et
1696 2830 1931 2891 exquisita
1954 2832 2102 2891 Pigh.
2129 2832 2300 2879 Celer.
2322 2833 2475 2895 Thya.
2498 2840 2556 2882 et

354 2894 549 2957 Delph.
569 2900 758 2957 promtu
774 2899 821 2942 et
842 2894 1073 2957 acquisita
1094 2894 1480 2943 nntius—1⁷
1515 2894 1667 2942 Harl.
1688 2894 1846 2942 Bar-b.
1862 2899 1909 2943 1.
1935 2894 2118 2943 Leidd.
2145 2899 2195 2943 2.
2212 2900 2261 2943 6.
2286 2903 2341 2943 et
2363 2896 2554 2958 Copes.

348 2972 442 3021 per
460 2972 512 3007 ee
528 2958 704 3017 venire,
725 2960 914 3007 omissa
934 2972 1062 3006 voce
1075 2959 1257 3007 devicto
1275 2974 1296 3015 ,·
1331 2957 1521 3020 Ultraj.
1537 2961 1588 3006 2.
1610 2957 1804 3006 Medic.
1828 2962 1875 3006 2.
1898 2972 2029 3006 unus
2052 2958 2305 3006 Rhem.et
2325 2960 2469 3019 Meg.
2492 2961 2556 3007 aa
2574 2992 2593 3001 -

351 3023 607 3079 καρκίνος
638 3030 696 3071 et
719 3023 796 3071 sic
819 3021 964 3071 Leid.
984 3026 1034 3070 ⁷.
1071 3026 1156 3083 qui
1184 3022 1332 3071 Perse
1353 3022 1534 3069 devicto
1556 3021 1843 3084 ascriptum
1865 3021 2021 3071 habet
2042 3022 2094 3069 in
2118 3036 2285 3085 marg.
2308 3023 2375 3069 ab
2399 3024 2465 3070 al.
2485 3036 2554 3070 m.

351 3086 506 3135 Perse
537 3086 718 3135 devicto
737 3086 800 3134 ad
833 3102 885 3135 ee
906 3086 1064 3135 venire
1087 3087 1262 3135 Bitur.
1287 3090 1334 3133 1.
1358 3092 1415 3134 et
1436 3087 1559 3136 Vet.
1590 3086 1725 3150 quod
1762 3087 1935 3149 placet
1966 3086 2369 3149 Torrenio.-7-18
2402 3087 2552 3136 Unus

353 3150 538 3198 Rbem.
559 3151 707 3213 eopioe
722 3150 817 3213 ipsi
836 3156 884 3199 et
907 3150 1150 3199 comitibus
1161 3167 1184 3209 ,-
1231 3149 1380 3198 Leid.
1399 3154 1443 3199 1.
1465 3151 1617 3212 copia,
1641 3156 1695 3198 et
1720 3150 1905 3199 deinde
1936 3150 2380 3213 mathaeum—19
2411 3151 2497 3200 Ita
2519 3164 2551 3199 e

353 3214 548 3277 Copes.
572 3215 872 3263 Perizonius
893 3231 908 3275 ;
959 3214 1137 3278 itaque
1175 3212 1450 3263 duodecim
1485 3214 1641 3264 codd.
1679 3213 1895 3264 Torren.
1928 3228 2045 3263 cum
2085 3216 2229 3277 Mog-
2294 3216 2423 3264 Mox
2446 3216 2553 3265 duo

351 3278 516 3328 verba
537 3293 654 3341 erga
673 3294 758 3327 uos
793 3282 1038 3343 suspecta
1059 3285 1182 3327 sunt
1216 3279 1434 3338 Colero;
1485 3278 1723 3328 nituntur
1762 3284 1937 3327 tamen
1976 3281 2289 3329 auctoritate
2324 3282 2551 3329 omnium

1346 3432 1561 3483 NOTAE

419 3551 444 3605 ss
467 3546 569 3598 An.
591 3548 668 3597 M.
687 3552 839 3598 3887.
873 3546 960 3598 01.
982 3550 1095 3596 153.
1115 3551 1165 3596 2.
1200 3545 1332 3597 Urb.
1349 3546 1408 3597 C.
1489 3543 1787 3595 muneribus
1824 3540 2081 3602 dimissus,
2107 3550 2163 3594 et
2194 3542 2260 3593 ad
2282 3558 2440 3594 naves
2464 3558 2547 3593 us·

347 3628 465 3673 586.
499 3622 632 3673 Ant.
649 3625 744 3673 ch.
766 3628 880 3673 166.
1491 3634 1593 3685 que
1646 3629 1818 3671 sumtu
1882 3620 2088 3684 publico
2141 3619 2397 3669 deductus
2449 3627 2552 3680 est.

415 3696 436 3731 s
447 3698 699 3761 Prusiam]
724 3699 827 3750 Qui
851 3697 1248 3761 perscipionem
1273 3695 1409 3746 Afri·
1488 3698 1624 3747 Haee
1646 3696 1842 3747 Liviae.
1908 3697 2039 3745 Cum
2076 3697 2261 3757 multa,
2288 3708 2405 3757 quae
2442 3708 2549 3743 ma-

347 3788 536 3824 canum
560 3775 754 3824 amicus
771 3788 896 3837 pop.
929 3770 1266 3822 Rom-factus
1291 3773 1408 3821 illos
1480 3776 1733 3839 jestatem
1749 3775 1945 3838 regiam
1963 3775 2165 3824 minime
2182 3774 2447 3833 decerent,
2466 3772 2546 3821 fe-

345 3856 536 3901 contl'a
557 3851 828 3905 Peroeum,
849 3848 994 3911 cujus
1027 3861 1254 3895 sororem
1277 3848 1408 3896 dux·
1489 3852 1625 3901 cisse
1646 3852 1881 3901 Prusiam
1892 3854 2141 3899 memorat
2156 3846 2423 3910 Polybius,
2436 3856 2545 3914 gum

347 3933 488 3989 erat,
510 3939 654 3989 aegre
674 3926 902 3990 quidem,
925 3923 1018 3973 sed
1035 3924 1241 3974 tandem
1255 3924 1407 3986 juve·
1485 3926 1615 3975 inud
1639 3926 1891 3974 maxime:
1945 3923 2083 3988 quod
2120 3924 2359 3985 pileatus,
2398 3928 2545 3987 toga-

346 4010 451 4053 rat.
1489 4007 1591 4062 tus,
1628 4000 1859 4049 Romano
1896 4012 2040 4047 more
2079 3997 2355 4059 calceatus,
2378 4012 2544 4062 eoque

411 4082 437 4120 t
463 4078 582 4126 Tota
600 4046 738 4139 urbs]
787 4074 1058 4125 Renovari'
1085 4074 1410 4137 societatem,
1486 4076 1643 4138 plane
1680 4074 1879 4133 habitu,
1903 4087 2005 4137 quo
2027 4083 2209 4121 recens
2246 4074 2544 4124 manumissi

347 4168 632 4217 agrumque
675 4153 742 4201 de
773 4152 1032 4202 Antiocho
1061 4158 1270 4213 captum
1313 4151 1409 4200 sibi
1487 4164 1603 4199 esse
1626 4150 1808 4211 solent,
1839 4150 2023 4211 legatis
2046 4148 2297 4213 prodierit
2322 4151 2544 4213 obviam,

349 4230 533 4280 donari
549 4228 726 4293 petiit:
764 4229 904 4293 quod
921 4228 1009 4280 ubi
1027 4227 1270 4293 obtinuit,
1289 4242 1407 4277 cum
1483 4228 1649 4293 iisque
1703 4226 1961 4293 salutatis,
2023 4228 2039 4257 ⁴
2074 4226 2310 4291 Adsum,'
2358 4228 2543 4293 inquit,
