3144 4925
510 363 650 432 680

513 542 656 589 rere
687 521 972 607 jussus,<³
1016 538 1236 587 seram
1279 521 1564 603 neglecti
1617 516 1907 585 salubris
1942 518 2211 586 consilii
2253 516 2707 601 poenitentiam

513 626 705 707 egit!

605 724 796 791 Idem
823 723 1221 789 Aristoteles
1251 726 1272 757 ‘
1290 722 1374 787 de
1405 729 1620 788 semet
1647 724 1802 806 ipso
1830 722 1900 785 in
1926 728 2226 787 neutram
2244 728 2499 805 partem
2518 718 2711 803 loqui

517 827 762 891 debere
780 825 799 853 ’
826 826 1282 909 praedicabat:
1342 830 1363 859 ‘
1386 827 1700 909 quoniam
1738 825 2013 888 laudare
2062 844 2159 901 se,
2211 816 2407 905 vani}
2448 825 2711 906 vitupe-

515 946 685 1003 rare,
732 925 925 991 stulti
973 924 1200 991 esset!
1217 932 1272 976 ⁵⁹
1358 926 1681 1009 Ejusdem
1728 923 1905 989 est⁶⁰
1943 926 2377 989 utilissimum
2407 944 2711 1008 praecep-

516 1032 686 1105 tum,
760 1032 780 1060 ‘
799 1032 872 1091 ut
916 1026 1303 1109 voluptates
1347 1026 1670 1089 abeuntes
1717 1025 2212 1090 consideremus
2236 1024 2274 1091 ε’
2340 1045 2508 1110 quas
2561 1027 2714 1110 qui-

518 1126 670 1191 dem
700 1126 804 1191 sic
849 1126 1262 1195 ostendendo
1301 1129 1558 1191 minuit.
1652 1127 1905 1192 Fessas
1936 1129 2138 1206 enim,
2170 1128 2721 1211 poenitentiaeque

519 1228 784 1310 plenaS,
815 1228 1056 1293 animis
1085 1228 1334 1292 nostris
1373 1226 1739 1311 subjecit‚⁶¹
1786 1248 1920 1311 quo
1963 1229 2185 1294 minus
2235 1228 2481 1312 cupide
2526 1227 2715 1313 repess

519 1335 762 1393 tantur.

605 1429 710 1493 12.
759 1429 910 1493 Nec
938 1448 1186 1514 parum·
1211 1428 1568 1512 prudenter
1614 1426 2065 1511 Anaxagoras
2114 1430 2543 1514 interroganti
2573 1430 2717 1494 cui-

521 1531 699 1609 dam,
770 1536 790 1566 ‘
814 1532 1127 1614 quisnam
1189 1536 1370 1595 esset
1425 1530 1708 1607 beatuS,'
1774 1531 2089 1610 ‘Nemo,’
2144 1533 2382 1614 inquit,
2441 1537 2578 1595 ‘ex
2604 1530 2715 1594 his

520 1650 694 1715 quos
721 1636 796 1695 tu
823 1631 1054 1695 felices
1083 1632 1477 1711 existimas;
1521 1630 1643 1695 sed
1672 1650 1825 1695 eum
1854 1632 1922 1694 in
1951 1632 2071 1696 illo
2098 1652 2374 1697 numero
2404 1633 2717 1716 reperies,

521 1734 639 1814 qui
691 1752 734 1796 a
773 1738 838 1796 te
879 1753 970 1797 ex
1000 1732 1284 1797 miseriis
1306 1730 1364 1772 ⁶²
1406 1740 1710 1797 constare
1760 1732 2133 1797 creditur.’†
2222 1733 2383 1797 Non
2438 1734 2560 1798 erit
2602 1733 2720 1796 ilie

522 1832 780 1897 divitiis
811 1841 883 1896 et
921 1834 1285 1897 honoribus
1333 1832 1721 1913 abundans3
1766 1832 1885 1895 sed
1934 1839 2049 1897 aut
2090 1834 2319 1915 exigui
2362 1834 2555 1909 ruris»,
2600 1829 2720 1895 aut

521 1952 652 1995 non
679 1934 1056 1997 ambitiosae
1115 1931 1434 1993 doctrinae
1475 1931 1697 1995 fidelis
1743 1952 1827 1997 ac
1872 1932 2175 2015 pertinax
2219 1933 2471 2016 cultor:
2515 1932 2586 1996 in
2616 1951 2721 1996 rc-

525 2050 724 2097 cessu
747 2030 798 2079 ⁶³
845 2050 1046 2113 quam
1074 2030 1148 2093 in
1173 2029 1387 2092 fronte
1414 2029 1693 2093 beatior.

1097 376 1412 429 vunnu!
1462 378 1751 427 MAlel
1804 378 1949 427 Lm.
1994 376 2127 426 vn.

1429 2192 1785 2214 oeeeueeeeee

531 2298 581 2343 1.
604 2291 762 2341 habet
783 2290 1157 2339 salutaria—59
1189 2291 1375 2354 copes.
1398 2292 1665 2355 vituperare
1685 2297 1841 2342 autem
1860 2308 1899 2341 s.
1916 2297 2135 2342 este—60
2168 2294 2339 2343 Deest
2376 2298 2448 2342 est
2486 2292 2539 2341 iu
2573 2292 2724 2342 Leid.

529 2362 578 2406 6.
604 2370 698 2419 pro
724 2369 825 2417 quo
847 2355 995 2403 Leid.
1021 2358 1070 2403 2.
1093 2354 1250 2405 habet
1273 2360 1466 2405 et.-61
1502 2354 1715 2421 Aliquot
1734 2356 1887 2406 codd.
1907 2372 2021 2406 cum
2044 2358 2171 2407 Vel..
2201 2356 2411 2419 adficit,
2444 2356 2581 2419 quod
2618 2370 2722 2405 non

528 2419 790 2484 improbat
810 2418 1245 2468 'torrendum—62
1282 2419 1408 2468 Cum
1430 2420 1482 2468 in
1506 2420 1591 2469 ed.
1614 2420 1783 2484 Pighii
1816 2435 1991 2472 errore
2020 2434 2290 2485 operarum
2327 2419 2727 2485 typographica-

530 2499 644 2533 rum
667 2497 971 2546 expressum
995 2491 1136 2532 esset
1156 2499 1218 2532 ex
1238 2484 1438 2546 miseris,
1469 2485 1685 2534 Colerus
1710 2485 1761 2533 id
1783 2486 2019 2548 retinuit,
2042 2485 2269 2548 satisque
2293 2484 2473 2534 habuit
2492 2484 2545 2532 in
2570 2485 2725 2534 Notis

532 2547 786 2610 adjicere,
816 2547 954 2611 quod
982 2549 1122 2596 Dan.
1145 2546 1336 2596 habeat
1357 2563 1418 2596 ex
1439 2548 1647 2598 miseriis
1664 2566 1685 2607 ,ς
1716 2547 1808 2597 sed
1848 2557 1905 2598 et
1940 2550 2159 2612 Thysius
2182 2564 2244 2598 ex
2265 2547 2453 2597 miseris
2488 2547 2539 2596 in
2578 2561 2727 2596 suam

532 2611 812 2661 editionem
848 2610 1144 2660 transtulit:
1180 2627 1242 2661 ex
1278 2612 1484 2660 miseriis
1521 2627 1695 2660 omnes
1736 2620 1941 2662 veteres
1980 2615 2119 2688 typis
2160 2613 2389 2675 expressi
2426 2611 2635 2667 habeut,
2670 2617 2729 2660 et

532 2674 730 2724 Brund.
755 2679 802 2722 1.
826 2677 876 2723 2.
917 2673 1083 2724 Codd.
1107 2675 1346 2723 Torrenii
1379 2675 1490 2738 pari
1512 2674 1624 2724 fere
1646 2690 1857 2726 numero
1892 2678 2079 2726 misem
2114 2683 2168 2724 et
2199 2676 2438 2733 miseriis3
2468 2675 2563 2723 hoc
2598 2688 2724 2724 vero

533 2739 684 2789 Harl.
705 2739 814 2788 Bit.
837 2738 989 2802 prim.
1011 2737 1162 2788 Leid.
1185 2753 1287 2789 sec.
1310 2741 1482 2803 quint.
1501 2746 1557 2789 et
1581 2747 1801 2804 uterque
1821 2741 2009 2803 Ultrsj.
2046 2740 2140 2791 sed
2164 2740 2310 2788 Med.
2330 2739 2551 2804 primus,
2576 2737 2661 2802 qui
2693 2753 2730 2787 c

1501 2886 1719 2938 NOTAE

590 3005 616 3031 ⁰
641 2997 828 3060 Spiritu
847 3012 1009 3047 carere
1025 2997 1212 3060 jussus]
1257 2999 1382 3047 Tam
1423 2999 1589 3050 mults

525 3073 676 3122 multi
714 3072 781 3121 de
818 3072 962 3122 caede
1000 3072 1331 3122 Callisthenis
1364 3073 1588 3138 scripse-

527 3153 668 3208 runt,
689 3153 749 3196 ut
769 3147 850 3197 cui
887 3146 1058 3209 fsmae,
1091 3148 1340 3212 quibusve
1375 3148 1589 3212 scriptis

529 3221 803 3284 assentiar,
839 3235 942 3270 non
984 3221 1220 3271 habeam.
1286 3223 1462 3272 Quare
1504 3235 1587 3269 sa-

531 3298 632 3344 tius
655 3295 818 3344 visum
858 3302 957 3357 est,
988 3311 1104 3358 quae
1137 3295 1355 3358 quisque
1389 3292 1456 3342 de
1493 3293 1585 3342 illo

526 3370 813 3433 scripserit,
864 3369 1099 3419 breviter
1165 3369 1252 3417 hic
1303 3383 1583 3432 apponere.

525 3446 669 3494 Dum
690 3444 893 3494 adorari
911 3459 966 3494 se
986 3446 1147 3494 vellet
1169 3445 1484 3507 Alexander,
1503 3444 1583 3494 id-

526 3535 630 3585 que
662 3520 938 3569 suaderent
974 3518 1103 3583 Agis
1137 3518 1405 3583 poetaster
1433 3518 1585 3584 Argi-

524 3610 640 3658 vus,
667 3595 794 3644 Cleo
812 3593 1036 3656 Siculus,
1053 3600 1111 3643 et
1131 3591 1470 3643 Anaxarchus
1491 3595 1585 3644 So·

528 3671 718 3734 phista,
758 3669 847 3735 qui
889 3668 1190 3731 Herculem,
1227 3667 1488 3732 Liberum,
1529 3675 1587 3719 et

528 3749 795 3798 Castorem
817 3762 950 3797 novo
975 3748 1094 3796 Deo
1117 3760 1354 3796 cessuros
1369 3746 1585 3809 jactita-

527 3822 688 3873 bantz
745 3822 1030 3873 orationem
1074 3819 1370 3871 Anaxarchi
1407 3821 1587 3872 Callis·

528 3899 711 3948 thenes
736 3896 1007 3959 refutavit,
1026 3911 1192 3961 eoque
1228 3896 1434 3946 nomine
1456 3897 1587 3945 invi·

528 3987 613 4022 sus
634 3971 952 4037 Alexandro,
986 3969 1251 4021 Hermolai
1272 3971 1585 4034 conjuratio-

530 4048 613 4096 nis
679 4046 812 4097 feiso
864 4047 1216 4108 insimulatum
1281 4049 1587 4112 vinctusque

529 4122 866 4184 compedibus
915 4124 1180 4188 aliquanto
1234 4130 1355 4186 post
1408 4125 1588 4174 morbo

529 4197 777 4262 decessit,
812 4211 880 4246 ex
910 4198 1211 4250 Aristobulo
1244 4199 1383 4263 apud
1414 4197 1589 4250 Arria·

1668 3015 1807 3050 num.
1869 3001 2079 3063 Tortus,
2115 3003 2172 3049 et
2207 2998 2398 3049 deinde
2432 3011 2731 3062 suspensus,

1668 3089 1735 3124 ex
1752 3076 2044 3126 Ptolemaeo
2066 3075 2207 3139 apud
2228 3073 2465 3124 eundem.
2510 3075 2731 3138 Septem

1666 3165 1875 3199 menses
1890 3151 1943 3198 in
1976 3149 2195 3199 vinculis
2222 3149 2513 3198 custoditus
2546 3149 2729 3198 morbo

1672 3225 1955 3288 pediculari
1995 3228 2173 3291 periit,
2218 3241 2286 3276 ex
2320 3227 2547 3276 Charete
2585 3225 2729 3290 apud

1667 3301 2029 3350 Plutarchum.
2096 3301 2271 3350 Cavea
2302 3299 2474 3350 ferrea
2510 3300 2729 3350 eircum-

1666 3376 1874 3439 ductus‚
1909 3375 2119 3439 paedore
2148 3389 2210 3424 ac
2240 3375 2480 3439 squalore
2516 3375 2734 3440 obsitus,

1665 3453 1877 3502 tandem
1915 3452 2055 3501 leoni
2084 3451 2316 3515 objectus
2353 3456 2461 3515 est,
2482 3465 2549 3500 ex
2570 3449 2731 3500 Lae'r·

1670 3530 1766 3581 tio.
1806 3529 2074 3578 'Pr-uncatis
2094 3526 2339 3576 membris
2360 3527 2615 3589 omuibus,
2636 3526 2727 3576 ab·

1666 3605 1939 3669 scissisque
1951 3603 2179 3664 auribus,
2195 3617 2338 3666 naso,
2354 3609 2411 3651 et
2423 3601 2590 3664 labiis,
2608 3615 2729 3652 cum

1667 3697 1801 3732 caue
1844 3683 1900 3730 in
1940 3694 2101 3730 caves
2134 3679 2379 3742 inclusus,
2421 3679 2489 3728 sd
2532 3685 2729 3728 metum

1667 3765 1961 3807 ceterorum
1984 3753 2368 3805 circumductus
2390 3761 2489 3818 est,
2521 3767 2588 3802 ex
2604 3755 2729 3806 Jus-

1668 3834 1799 3883 tino.

1732 3906 1762 3936 ¹⁹
1782 3906 1886 3958 An.
1904 3907 1983 3956 M.
2019 3909 2166 3955 3720.
2199 3904 2287 3956 Ol.
2305 3907 2418 3955 111.
2440 3907 2491 3954 3.
2513 3904 2641 3956 Urb.
2664 3903 2729 3954 C.

1665 3986 1781 4032 419.
1816 3981 1943 4031 Ant.
1968 3980 2063 4030 Ch.
2081 3983 2196 4028 333.

1734 4067 1758 4114 i·
1791 4057 1895 4108 An.
1916 4057 1993 4107 M.
2012 4059 2163 4105 3585.
2200 4053 2290 4106 Ol.
2312 4058 2396 4106 77.
2419 4058 2471 4105 4.
2507 4051 2642 4105 Utb.
2664 4052 2728 4106 C.

1667 4138 1783 4185 284.
1807 4132 1933 4183 Ant.
1958 4131 2051 4182 Ch.
2072 4133 2191 4180 468.
