3144 4925
575 371 706 435 502
1172 381 1487 430 vAnnnu
1535 380 1831 428 nAxlm
1884 381 2035 430 un.
2082 381 2155 428 v.

574 529 787 593 nostri
818 533 1114 605 venerat,
1143 527 1493 609 duplicata
1519 543 1685 608 erga·
1719 544 1847 590 nos
1888 523 2353 590 benevolentia
2378 524 2451 588 in
2494 539 2775 608 regnum

575 649 768 694 suum
811 647 1126 694 reversus
1167 636 1292 694 est.
1383 628 1535 693 Nec
1578 628 1908 712 AEgyptus
1954 625 2226 709 quidem
2273 625 2609 692 Romanae
2652 627 2778 692 hu-

574 731 912 796 manitatis
953 749 1200 815 expers
1247 730 1396 795 fuit.
1485 729 1645 794 Rex
1688 729 1862 792 enim
1915 719 2324 794 Ptolemaeus
2346 735 2403 766 ²0
2444 747 2489 792 a
2514 730 2775 794 minore

573 830 816 897 fratre*
855 851 1055 916 regno
1085 833 1441 915 spoliatus,
1471 831 1745 915 petendi
1792 829 2036 894 auxilii
2081 831 2293 912 gratia
2336 849 2487 895 cum
2530 830 2777 913 paucis

575 933 932 998 admodum
979 935 1216 1011 servis,
1245 933 1556 1018 squalore
1602 932 1885 1010 obsitus,
1914 931 2208 996 Romam
2240 937 2532 1009 venerat,
2566 951 2647 994 ac
2697 949 2775 994 se

575 1035 646 1098 in
663 1035 1029 1118 hospitium
1054 1033 1494 1100 Alexandrini
1519 1031 1807 1116 pictoris
1825 1033 2217 1096 contulerat.
2301 1031 2384 1095 ld
2412 1038 2771 1114 postquam

577 1138 840 1200 senatui
861 1138 1138 1202 relatum
1165 1144 1298 1214 est,
1331 1137 1655 1200 arcessito
1675 1134 1951 1219 juvene,
1974 1153 2176 1218 quam
2205 1135 2431 1217 potuit
2462 1140 2782 1198 accurata

579 1240 1012 1302 excusatione
1034 1246 1086 1276 ²¹
1129 1257 1296 1302 usus
1355 1243 1483 1317 est,
1513 1243 1532 1272 ‘
1551 1238 1735 1321 quod
1793 1257 1920 1301 nec
1976 1242 2382 1320 quaestorem
2436 1235 2539 1299 illi
2590 1252 2777 1298 more

577 1340 906 1422 majorum
941 1340 1210 1404 obviam
1255 1340 1571 1418 misisset,
1612 1359 1741 1404 nec
1788 1339 2065 1424 publico
2118 1357 2272 1403 eum
2312 1336 2615 1419 hospitio
2654 1353 2779 1400 ek·

579 1442 910 1524 cepisset:
955 1461 1170 1525 eaque
1209 1461 1345 1506 non
1395 1461 1526 1508 sua
1568 1443 2000 1525 negligentia,
2026 1441 2145 1504 sed
2184 1440 2401 1524 ipsius
2450 1438 2675 1502 subito
2708 1443 2779 1501 et

579 1541 1006 1606 clandestino
1051 1544 1350 1608 adventu·
1389 1543 1610 1608 facta’
1641 1544 1861 1608 dixit:
1908 1543 1997 1606 Et
2042 1543 2231 1606 illum
2264 1561 2303 1604 e
2340 1539 2525 1604 curia
2570 1537 2778 1621 proti-

553 1661 704 1708 ·nus
723 1649 779 1680 ²²
822 1645 908 1708 ad
962 1646 1272 1728 publicos
1328 1652 1613 1730 penates
1664 1644 1979 1721 deduxit,
2020 1643 2451 1724 hortatusque
2502 1645 2634 1716 est,
2661 1642 2681 1672 ‘
2700 1646 2781 1706 ut

578 1743 916 1826 depositis
973 1747 1286 1812 sordibus
1346 1745 1633 1810 adeundi
1690 1746 1908 1829 ipsius
1964 1745 2143 1809 diem
2200 1741 2505 1827 peteret.’
2592 1738 2779 1818 Quin

579 1846 780 1908 etiam
827 1865 1009 1912 curae
1058 1847 1316 1926 habuit,
1345 1856 1420 1912 ut
1445 1867 1725 1913 munera
1753 1847 1821 1912 ei
1864 1845 2169 1929 quotidie
2210 1863 2331 1928 per
2378 1849 2779 1926 quaestorem

581 1943 920 2010 darentur.
1009 1947 1148 2010 His
1177 1948 1492 2030 gradibus
1515 1947 1885 2012 officiorum
1898 1946 2235 2030 jacentem
2256 1946 2343 2010 ad
2368 1945 2613 2027 regium
2642 1943 2781 2008 fas-

580 2046 814 2126 tigium
862 2049 1178 2112 erexitz²³
1226 2049 1607 2131 effecitque,
1636 2055 1711 2111 ut
1752 2049 1911 2131 plus
1956 2049 2102 2130 spei
2144 2049 2215 2110 in
2259 2046 2512 2110 auxilio
2541 2046 2779 2129 populi

583 2143 905 2226 Romani,
937 2169 1142 2231 quam
1168 2157 1384 2214 metus
1413 2152 1482 2215 in
1511 2169 1639 2214 sua
1665 2152 1933 2214 fortuna
1959 2155 2325 2232 reponeret.

608 2331 616 2341 .
665 2247 730 2310 2.
776 2246 1003 2332 Atque
1034 2259 1113 2315 ut
1157 2251 1244 2315 ab
1273 2251 1610 2316 universis
1640 2249 1960 2316 Patribus
2006 2249 2409 2332 conscriptis
2437 2248 2527 2312 ad
2556 2249 2783 2330 singu-

579 2345 685 2410 los
739 2351 1028 2429 veniam,
1077 2351 1156 2416 L.
1213 2352 1564 2418 Cornelius
1623 2354 1935 2417 consulu
1987 2354 2203 2437 primo
2255 2352 2519 2428 Punico
2575 2351 2785 2429 bello,

1499 2532 1861 2554 ‘nomm

583 2628 738 2678 codd.
757 2634 813 2677 et
833 2628 1088 2681 edd.-2⁰
1121 2632 1232 2681 Rex
1252 2633 1353 2695 ejus
1376 2634 1661 2683 protomus
1680 2634 1731 2683 in
1752 2648 1938 2684 novem
1960 2632 2112 2683 codd.
2132 2634 2349 2683 Tou-ren.
2374 2637 2431 2681 et
2451 2634 2599 2695 Mog.
2651 2635 2783 2685 Mox

582 2692 637 2739 in
658 2693 859 2742 Vorstii
885 2701 940 2743 et
973 2696 1210 2744 Torrenii
1233 2696 1356 2745 edd.
1391 2698 1679 2761 sphalmate
1718 2705 1925 2763 typogr.
1965 2699 2181 2761 legitur,
2215 2714 2246 2746 a
2268 2698 2445 2757 ’κρίθη
2468 2697 2780 2755 fretra-21

583 2756 730 2807 Leid.
753 2761 798 2808 l.
819 2772 911 2820 qua
930 2760 1087 2821 potnit
1107 2766 1330 2809 accurato
1349 2763 1577 2813 oratione.
1646 2764 1851 2813 Deinde
1876 2765 2064 2825 copes.
2104 2769 2159 2811 et
2180 2763 2375 2812 Medic.
2392 2766 2443 2811 2.
2466 2762 2541 2809 iai
2560 2765 2619 2810 de
2640 2778 2786 2812 inore.

581 2825 712 2869 —22
748 2821 832 2871 Ita
857 2823 1104 2885 Pighius;
1137 2834 1190 2873 et
1213 2826 1289 2875 sic
1311 2826 1462 2876 codd.
1482 2829 1698 2878 Torren.
1718 2842 1835 2877 cum
1859 2828 2005 2888 Meg.
2022 2828 2133 2875 aliae
2153 2827 2273 2875 edd.
2290 2826 2537 2875 exhibent
2559 2842 2574 2875 ι
2608 2842 2633 2875 e
2650 2830 2786 2876 curi·

580 2885 734 2934 subito
755 2889 818 2935 ad
837 2887 1061 2950 publicos.
1130 2890 1292 2938 Paulo
1314 2896 1436 2953 post
1458 2892 1609 2940 Leid.
1628 2896 1671 2943 1.
1710 2891 1855 2941 delet
1872 2892 2023 2954 ipsius
2037 2907 2059 2949 ,·
2091 2904 2185 2953 pro
2210 2905 2314 2953 quo
2337 2891 2507 2939 Bitur.
2540 2894 2584 2937 1.
2622 2890 2784 2940 habet

580 2952 643 2997 ad
664 2964 730 3009 se,
754 2953 888 3013 qnod
913 2952 966 2999 in
992 2952 1142 3001 Leid.
1159 2960 1209 3001 5.
1233 2956 1567 3017 expungitur
1590 2970 1651 3004 ae
1683 2955 2084 3017 superscribitur
2104 2954 2403 3017 ipsium—23
2435 2952 2521 3001 Ita
2542 2952 2786 3016 Pighinni

580 3022 640 3060 et
659 3014 873 3063 Torren.
895 3028 1012 3063 cum
1036 3017 1181 3077 Mog.
1196 3026 1252 3066 et
1270 3018 1484 3067 Mediol.
1505 3023 1552 3067 8.
1571 3020 1733 3068 evexit
1748 3018 2133 3069 Venett.Aldd.
2154 3019 2322 3068 Colin.
2338 3018 2540 3082 Gryph.
2560 3017 2784 3069 Ascens.

581 3084 638 3122 et
660 3076 836 3137 Steph.
887 3078 952 3126 In
974 3080 1089 3128 eod.
1111 3080 1351 3131 Perizon.
1375 3080 1552 3130 deleto
1575 3084 1731 3131 erexit
1768 3085 2177 3150 superscriptum
2200 3092 2281 3133 est
2305 3084 2373 3132 al.
2390 3097 2458 3132 m.
2479 3083 2785 3132 euchratii.—

581 3143 646 3187 24
685 3140 833 3190 Harl.
859 3143 1110 3191 Cornelius
1127 3143 1288 3205 Scipio
1306 3148 1481 3194 consul.
1541 3147 1667 3196 Mox
1694 3146 1850 3199 Aldd.
1877 3147 2149 3208 fortissime
2163 3162 2385 3211 pugnans
2404 3156 2586 3196 contra
2604 3160 2785 3197 omnes

581 3200 870 3279 fere‘codd.
897 3213 950 3254 et
971 3206 1092 3255 edd.
1115 3208 1277 3271 antiq.
1326 3207 1436 3258 Pro
1461 3210 1654 3259 Olbiam:
1678 3212 1827 3263 Leid.
1847 3217 1893 3262 l.
1918 3222 1971 3261 et
1985 3213 2156 3263 Bitur.
2177 3218 2220 3264 1.
2239 3217 2289 3263 2.
2311 3211 2503 3262 Albium
2515 3229 2536 3271 ,-
2568 3210 2717 3261 Leid.
2733 3216 2787 3264 2.

586 3266 782 3325 Obma3
815 3269 970 3320 Leid.
985 3272 1286 3348 51.ozmam.
1352 3272 1532 3323 Codex
1574 3277 1814 3327 Perizon.
1846 3277 2043 3327 omittit
2081 3278 2276 3340 Hanno,
2314 3275 2451 3341 quod
2474 3277 2549 3326 sic
2570 3276 2786 3327 exhibet

1570 3422 1782 3473 NOTAE

579 3525 596 3553 ‘
620 3523 838 3573 libertus
863 3530 1052 3588 vester,
1074 3534 1248 3579 vestra
1271 3529 1510 3582 instituta
1531 3534 1642 3584 imi·
1724 3535 1983 3597 venerint,
2004 3534 2302 3585 Alexander
2320 3541 2380 3585 et
2410 3535 2657 3596 Auleten3
2688 3535 2781 3585 ille

581 3600 684 3649 tari
703 3601 950 3663 paratus:
993 3604 1063 3651 Et
1086 3606 1240 3668 paulo
1265 3614 1384 3669 post
1401 3607 1643 3673 frequen·
1722 3609 1825 3658 An.
1866 3610 1947 3660 M.
1971 3614 2120 3660 3891.
2152 3611 2241 3660 hic
2276 3614 2425 3661 299⁷.
2459 3619 2515 3660 ot
2544 3618 2731 3660 neuter
2750 3626 2782 3661 ι

581 3676 620 3723 ti
643 3676 841 3725 Senatu
863 3677 1150 3727 orationem
1189 3695 1334 3730 suam
1366 3683 1444 3731 his
1470 3685 1641 3734 verbis
1721 3682 1887 3735 fratre
1908 3685 2105 3736 minore
2128 3687 2320 3749 pulsus.
2385 3686 2623 3749 uterque
2642 3687 2780 3736 enim

579 3765 798 3800 exorsus
822 3751 918 3803 sit:
965 3754 980 3781 ‘
1003 3754 1214 3804 Salvete
1241 3756 1329 3805 Dii
1351 3767 1641 3809 servatores
1720 3759 1787 3809 ab
1823 3760 2189 3813 Alexandrinis
2225 3761 2425 3813 civibus
2443 3762 2645 3824 ejectus
2664 3767 2779 3813 esta

581 3824 722 3887 mei,’
741 3829 841 3875 ὅτε.
1721 3834 2023 3886 Alexander
2057 3836 2127 3887 ob
2160 3851 2339 3887 necem
2372 3837 2569 3886 illatam
2590 3838 2782 3899 mati-13

643 3901 674 3930 ⁵
708 3901 810 3953 An.
830 3903 906 3953 M.
929 3908 1077 3955 3888.
1131 3904 1217 3955 01.
1251 3910 1365 3959 153.
1398 3912 1448 3959 3.
1505 3910 1638 3961 Urb.
1720 3909 1936 3961 Auletes
1960 3912 2027 3962 ob
2056 3914 2295 3977 graviora
2333 3912 2559 3963 tributa:
2608 3928 2642 3963 a
2678 3912 2781 3963 Ro-

579 3977 641 4025 C.
665 3980 781 4027 58⁷.
835 3978 963 4028 Ant.
985 3980 1081 4029 ch.
1105 3985 1220 4033 165.
1720 3987 1881 4035 manis
1918 3988 2006 4037 ille
2042 3989 2096 4037 in
2132 3988 2299 4037 insula
2333 3988 2509 4052 Cypro
2558 4002 2779 4051 regnare

642 4048 666 4082 Ι·
688 4052 1013 4104 Ptolemaeo
1027 4056 1204 4106 minore
1212 4056 1398 4121 fratre]
1423 4059 1639 4111 Eri-asse
1710 4060 1921 4125 jussum
1954 4064 2038 4113 hic
2054 4078 2083 4111 a
2102 4062 2329 4113 Gabinio
2341 4063 2509 4127 Syriae
2526 4071 2633 4115 tum
2652 4063 2781 4113 Pro-

576 4126 675 4178 hoc
717 4127 770 4177 in
811 4128 930 4177 loco
973 4132 1238 4181 Valerium
1281 4147 1494 4185 necesse
1537 4143 1640 4201 est,
1718 4138 1931 4189 consule
1952 4138 2107 4189 armi·
2124 4138 2399 4190 restitutus
2420 4147 2521 4193 est.

577 4217 695 4253 cum
735 4204 836 4255 duo
867 4210 1066 4255 tantum
1105 4208 1380 4259 Ptolemaei
1426 4211 1639 4267 Romam
