3144 4925
585 413 746 461 cAP.
781 414 940 460 vlu.
993 414 1086 461 DE
1136 414 1314 471 1311)ss
1357 414 1767 493 suavokmit
1820 412 2018 463 ERGA
2071 414 2426 465 nomluos.
2510 398 2645 465 645

447 558 711 631 fortuna
737 558 978 623 merito
1009 562 1254 641 potest,
1287 558 1470 641 quod
1500 562 1633 624 tam
1664 558 1849 642 pium
1888 564 1959 622 et
2002 561 2137 623 tam
2186 558 2414 645 fortem
2443 560 2640 641 spiri-

449 666 594 723 tum
624 660 850 725 servili
877 662 1140 724 nomine
1169 661 1471 725 inclusit.

537 762 603 825 2.
650 760 1010 827 Consulem
1039 769 1260 827 autem
1305 760 1386 828 C.
1419 764 1752 828 Marium⁷
1774 761 1800 799 b
1846 762 2287 829 Proenestinae
2334 761 2637 826 obsidio-

449 863 558 927 nis
579 872 602 899 ο
647 864 1087 929 miserabilem
1117 866 1374 929 exitum
1403 866 1733 942 sortitum,
1762 863 2055 929 cuniculi
2095 863 2370 927 latebris
2396 862 2639 929 frustra

452 966 730 1031 evadere
776 973 1108 1045 conatum,
1155 966 1423 1049 levique
1467 966 1737 1031 vulnere
1798 984 1843 1030 a
1884 964 2255 1041 Telesino,‘¹
2296 984 2451 1029 cum
2500 984 2639 1048 quo

453 1068 814 1133 commori⁸
863 1069 1332 1147 destinaverat,
1375 1071 1799 1152 perstrictum
1837 1086 2072 1131 servus
2102 1085 2287 1143 suus,
2320 1074 2396 1130 ut
2425 1066 2643 1151 Sylla·

450 1189 558 1233 nae
608 1169 1020 1235 crudelitatis
1049 1178 1386 1255 expertem
1418 1171 1692 1248 faceret,
1735 1169 1957 1252 gladio
2006 1168 2360 1253 trajectum
2404 1168 2640 1233 intere·-

451 1272 573 1335 mit
597 1292 614 1350 3
659 1291 812 1335 cum
842 1292 1084 1355 magna
1104 1274 1379 1356 praemia
1409 1272 1541 1338 sibi
1570 1273 1921 1356 proposita
1944 1271 2217 1348 videret,
2238 1272 2299 1335 si
2326 1290 2477 1335 eum
2504 1271 2642 1335 vic-

453 1374 704 1437 toribus
737 1373 1147 1440 tradidisset.
1187 1432 1194 1439 .
1238 1374 1453 1460 Cujus
1482 1374 1784 1439 dexterae
1833 1380 1974 1437 tam
2024 1378 2469 1457 opportunum
2514 1370 2641 1435 mi·

449 1474 801 1537 nisterium
829 1475 996 1539 nihil
1025 1495 1251 1541 eorum
1279 1476 1516 1558 pietati
1547 1475 1751 1554 cedit,
1773 1494 1814 1539 a
1844 1475 2089 1559 quibus
2120 1475 2303 1538 salus
2336 1473 2637 1538 domiuo-

453 1592 600 1637 rum
630 1582 939 1659 protecta
966 1585 1088 1643 est.
1179 1575 1362 1655 Quia
1409 1596 1491 1641 eo
1543 1582 1845 1661 tempore
1885 1574 2107 1639 Mario
2155 1593 2290 1638 non
2324 1575 2492 1653 vita,
2522 1572 2641 1637 sed

452 1696 635 1741 mors
665 1679 734 1741 in
763 1679 1090 1743 beneficio
1119 1678 1417 1761 reposita
1445 1675 1649 1743 erat?
1684 1746 1689 1753 ,

538 1780 602 1843 3.
647 1780 870 1864 AEque
900 1781 1156 1846 illustre
1187 1782 1370 1865 quod
1401 1781 1727 1865 sequitur.
1784 1779 1861 1845 C.
1896 1777 2271 1855 Gracchus,
2302 1796 2385 1841 ne
2414 1777 2485 1841 in
2516 1796 2642 1861 po-

451 1886 763 1946 testatem
792 1883 1206 1949 inimicorum
1235 1885 1536 1957 veniret,⁹
1565 1882 1942 1947 Philocrati
1961 1889 1984 1915 ⁶
2032 1899 2225 1944 servo
2269 1898 2393 1943 suo
2434 1878 2645 1943 cervi-

457 2000 570 2046 ces
599 1984 984 2049 incidendas
1012 1985 1323 2069 praebuit.
1410 1981 1609 2061 Quas
1632 2002 1785 2047 cum
1816 1983 2016 2047 celeri
2044 1981 2189 2047 ictu
2220 1978 2642 2059 abscidisset,

459 2083 751 2165 gladium
773 2105 1010 2150 cruore
1041 2086 1295 2151 domini
1321 2085 1692 2151 madentem
1712 2093 1763 2123 ¹⁰
1792 2104 1908 2167 per
1938 2103 2061 2149 sua
2090 2082 2228 2165 egit
2253 2080 2645 2165 praecordiu.

459 2184 797 2269 Euporum
827 2182 872 2226 ¹¹
921 2188 1038 2253 alii
1089 2189 1262 2254 hunc
1314 2189 1691 2255 vocitatum
1736 2187 2147 2251 existimant-0
2236 2184 2383 2266 Ego
2414 2183 2499 2247 de
2526 2202 2645 2247 no-

1429 2351 1488 2371 ce
1495 2343 1735 2382 object-enee

455 2454 512 2496 et
536 2452 616 2495 est
638 2448 1048 2511 supervacuum)
1087 2450 1380 2500 Torum—‘1
1419 2449 1609 2514 Ultraj.
1635 2454 1681 2501 1.
1718 2448 2022 2498 consularem
2045 2445 2259 2496 Marium
2273 2459 2293 2503 ,·
2326 2441 2509 2493 Leidd.
2531 2444 2578 2492 1.
2598 2446 2646 2492 5.

462 2514 520 2561 Γ.
548 2513 792 2571 Marium,-
827 2512 1020 2563 Medic.
1043 2519 1092 2564 1.
1147 2519 1205 2564 C.
1234 2521 1388 2565 autem
1423 2517 1639 2565 Marium
1656 2531 1674 2572 ς
1710 2514 1904 2562 Medic.
1926 2516 1975 2561 2.
2033 2511 2203 2559 Caium
2233 2511 2380 2559 etium
2401 2507 2649 2562 Marium,-

457 2577 648 2639 Uin-aj.
665 2581 715 2625 2.
743 2577 1045 2627 Consularem
1065 2595 1182 2641 erga
1205 2581 1412 2628 Marium
1424 2595 1443 2639 ,·
1463 2581 1605 2643 Meg.
1626 2579 1931 2628 Consularem
1946 2589 2059 2638 ergo
2077 2573 2306 2623 Mor-ium.
2346 2573 2513 2622 Paulo
2531 2578 2651 2634 post

459 2642 640 2689 multae
663 2640 782 2688 edd.
805 2649 925 2692 ante
951 2643 1186 2708 Pighiurn
1209 2643 1420 2704 habent,
1447 2645 1651 2693 latebras
1671 2645 1881 2701 erodere,
1903 2649 2082 2690 contra
2107 2638 2473 2712 auctoritatem
2493 2634 2648 2684 codd.

458 2705 675 2755 Torren.
743 2707 890 2769 Mog.
927 2714 985 2757 et
1018 2708 1230 2757 Mediol.
1266 2712 1411 2757 3.-8
1445 2709 1531 2757 Ita
1551 2706 1749 2756 Brund.
1776 2710 1820 2755 1.
1844 2710 1893 2754 2.
1932 2710 1989 2754 et
2023 2717 2197 2752 omnes
2222 2701 2372 2751 codd.
2408 2700 2563 2761 Pigb.
2592 2705 2651 2746 et

458 2769 675 2818 'rori-en.
699 2785 812 2819 cum
840 2771 959 2822 Vet.
982 2773 1125 2835 Μῦς.
1145 2773 1358 2822 Veneti.
1381 2781 1436 2822 et
1461 2773 1675 2821 Mediol.
1709 2785 1812 2819 omn
1832 2783 1920 2833 quo
1940 2768 2063 2817 mori
2085 2765 2243 2816 Aldd.
2262 2765 2430 2817 Colin.
2450 2763 2649 2826 Gryph.

461 2834 638 2896 Steph.
664 2842 859 2885 ceterae
882 2844 1005 2886 ante
1029 2837 1279 2901 Pigh.-9
1311 2837 1532 2886 Venett.
1558 2835 1717 2884 Aidd.
1740 2842 1795 2884 et
1817 2833 1979 2883 ceteri
2001 2832 2275 2888 deveniat,-
2309 2827 2444 2892 quod
2480 2832 2561 2875 est
2598 2826 2650 2873 in
2692 2881 2699 2887 θ

459 2899 649 2961 Οορεε.
682 2902 848 2964 quint.
888 2906 944 2950 et
980 2909 1115 2952 sext.
1178 2903 1282 2951 Sed
1317 2903 1462 2965 Mog.
1497 2909 1552 2950 et
1584 2900 1796 2949 Medici.
1828 2897 2115 2962 per-reniret,
2148 2902 2207 2944 ut
2229 2894 2474 2942 exhibent
2499 2889 2650 2938 Harl.

463 2963 571 3011 Bit.
613 2972 674 3012 et·
705 2965 864 3016 Barb.
907 2965 1060 3030 primi
1102 2980 1220 3016 cum
1266 2974 1481 3031 utroque
1519 2967 1840 3029 Uitraj.—1u
1872 2961 2129 3011 Perizonii
2170 2957 2286 3008 cod.
2331 2959 2617 3007 emonentem
2630 2969 2651 3010 ‚·

465 3025 608 3075 Leid.
631 3031 682 3078 6.
716 3027 870 3079 Harl.
893 3029 1052 3080 Bai-b.
1077 3033 1122 3079 1.
1155 3039 1213 3079 et
1233 3031 1428 3080 Medic.
1449 3036 1499 3080 2.
1533 3032 1944 3078 manantem—li
1986 3024 2237 3076 Nonnulli
2259 3022 2409 3071 codd.
2431 3021 2651 3068 Torren.

467 3091 591 3140 Eum
613 3105 804 3157 porum,
837 3095 918 3144 vel
956 3095 1082 3143 Eum
1112 3109 1298 3160 perum,
1334 3097 1414 3144 vel
1440 3097 1729 3157 Rumpor-um
1748 3093 1968 3141 habent:
2004 3089 2195 3152 Ultroj.
2219 3091 2265 3137 1.
2298 3085 2387 3135 alii
2406 3085 2651 3134 Philocra-

1451 3225 1497 3274 N
1506 3223 1662 3274 01*AE

525 3333 548 3366 δ
583 3336 828 3384 Conantem
861 3339 1018 3386 mrtem
1040 3337 1114 3388 ,0.
1153 3339 1392 3402 Marium]
1465 3314 1521 3388 Is
1595 3335 1867 3386 Theiesino
1888 3331 2051 3382 fratre
2073 3332 2287 3392 minore,
2324 3329 2412 3378 alii
2442 3327 2652 3391 aSyllae

459 3411 524 3459 C.
550 3410 704 3458 Marii
727 3409 924 3474 septies
947 3411 1180 3462 Consulis
1200 3413 1335 3462 filius
1359 3428 1388 3462 a
1413 3415 1517 3477 ple·
1600 3410 1869 3471 militibus,
1893 3421 2009 3458 cnm
2031 3422 2061 3457 e
2083 3413 2221 3456 terra
2242 3403 2554 3465 eniel-risset,
2575 3405 2653 3451 in-

463 3489 633 3554 risque
652 3487 984 3550 perhibetur3
1003 3489 1140 3538 iliius
1158 3491 1239 3540 vel
1258 3505 1322 3540 ex
1338 3489 1522 3554 fratre,
1602 3492 1875 3536 teremtuni
1901 3483 2094 3532 volunt.

465 3565 548 3612 vel
584 3579 649 3612 ex
682 3577 856 3614 sorore
891 3578 1054 3628 nepos
1090 3566 1281 3616 dicitur
1318 3567 1384 3616 ab
1408 3565 1517 3630 Ap·
1665 3561 1695 3590 *
1714 3560 1815 3610 Au.
1836 3560 1909 3609 M.
1933 3561 2081 3608 3972.
2117 3557 2205 3607 oi.
2230 3559 2339 3606 174.
2362 3557 2411 3604 3.
2442 3553 2570 3604 Urb.
2593 3554 2655 3603 C.

459 3641 632 3702 piano.
697 3641 880 3705 Nepet
911 3649 970 3692 et
998 3641 1336 3696 Gratidianus
1369 3659 1518 3696 voca·
1596 3642 1713 3688 6⁷1.
1745 3637 1868 3686 Ant.
1892 3635 1987 3686 Cb.
2008 3638 2090 3684 81.

466 3725 550 3764 tur
573 3716 638 3765 ab
663 3716 907 3767 Eusebio.
1662 3720 1687 3746 θ
1719 3711 2007 3774 Philocrati]
2037 3708 2239 3760 Velleio
2262 3707 2519 3768 Euporus,
2538 3702 2655 3752 Ma-

533 3799 558 3824 ⁶
611 3793 920 3842 Proeneotinae
971 3793 1245 3857 obsidionis]
1309 3794 1520 3857 Ingenti
1600 3790 1777 3840 crobio
1802 3790 2058 3850 Europus,
2085 3782 2299 3834 Aurelio
2316 3778 2519 3828 Victori
2552 3778 2656 3826 Eu-

464 3868 644 3931 proelio
667 3870 835 3920 victus
859 3884 890 3917 a
909 3870 1051 3934 Sylla
1083 3871 1354 3920 Praeneste
1377 3869 1519 3933 fuge·
1602 3867 1811 3929 phoras,
1832 3863 2107 3912 Plutarcho
2128 3867 2184 3907 et
2206 3857 2315 3905 aliis
2332 3854 2658 3904 Philocrates

467 3951 566 4005 rat,
601 3943 692 3991 ubi
732 3951 878 3992 arcte
919 3945 1155 3994 obsessus
1193 3945 1323 3994 miro
1361 3959 1522 4009 opere
1600 3941 1810 3991 dicitur.
1881 3935 2156 3989 Nonnullis
2179 3934 2351 3996 placet
2371 3928 2510 3992 opud
2531 3930 2659 3979 Plu·

465 4020 728 4068 cuniculo·
757 4021 982 4084 (meatus
1015 4027 1134 4070 siunt
1171 4020 1524 4086 subterranei)
1602 4017 1835 4067 tar-chum
1869 4019 2144 4075 utrumque
2179 4007 2247 4058 ab
2278 4005 2511 4055 hostibus
2532 4019 2658 4069 cap-

467 4095 518 4145 in
541 4094 774 4144 diversas
795 4096 905 4159 agri
939 4104 1116 4159 partes
1137 4096 1308 4160 duxit,
1339 4097 1382 4147 si
1421 4112 1524 4162 qua
1605 4100 1713 4141 tum
1770 4103 1899 4152 esse,
1956 4093 2013 4136 et
2068 4083 2414 4134 Philocratem
2468 4095 2659 4146 corpus

469 4168 603 4218 forte
629 4172 712 4218 via
735 4169 958 4219 evadere
983 4180 1173 4234 posset.
1257 4218 1263 4226 ,
1606 4165 1827 4217 Gracchi
1874 4179 1969 4234 suo
2008 4160 2222 4222 texisse,
2270 4158 2439 4208 donec
2484 4157 2657 4208 multis

530 4244 555 4278 ‘¹
589 4247 630 4300 A
661 4247 890 4311 Telesino]
927 4243 1032 4297 Alii
1055 4263 1146 4298 sua
1169 4259 1337 4308 manu,
1377 4247 1462 4296 alii
1495 4263 1526 4297 a
1606 4242 1874 4296 confossus
1899 4237 2191 4291 vulneribus
2214 4233 2476 4288 ceciderit.
