3144 4925
683 401 849 450 cAP.
881 401 990 449 xl.
1040 401 1138 450 DE
1189 403 1646 452 EFFEGTIBUS
1692 404 1996 454 ARTIUM
2048 406 2303 454 nnus·
2473 389 2605 455 789

404 552 656 624 rentur,
687 546 1022 610 interitum
1075 545 1203 610 sibi
1254 546 1516 611 coelesti
1570 547 2070 612 denuntiatione
2117 547 2425 632 portendi
2467 568 2605 612 cre-

412 645 667 724 dentes,
696 647 1000 711 Pericles
1032 650 1368 729 processit
1394 649 1463 711 iu
1494 649 1806 725 medium,
1835 656 1902 714 et
1933 667 2086 731 quae
2119 668 2161 713 a
2181 651 2604 731 'praeceptore

410 765 539 814 suo
567 745 975 828 Anaxagora
1002 748 1396 830 pertinentia
1420 749 1505 812 ad
1536 749 1704 813 solis
1731 754 1801 813 et
1825 750 1999 814 lunae
2032 768 2300 814 cursum
2323 767 2608 830 accepe-

408 855 538 924 rat,
560 849 906 913 disseruit:
949 868 1071 912 nec
1097 848 1379 912 ulterius
1400 850 1738 932 trepidare
1762 850 1946 914 cives
1969 868 2131 913 suos
2153 867 2334 914 vano
2351 855 2536 912 metu
2556 856 2612 886 ¹⁰

416 969 667 1036 passus
696 953 851 1014 ests

500 1049 563 1112 2.
610 1046 957 1125 Quantum
996 1067 1197 1130 porro
1242 1049 1582 1130 dignitatis
1609 1068 1651 1113 a
1679 1068 1834 1130 rege
1864 1047 2258 1113 Alexandro
2288 1049 2608 1112 tributum

414 1149 541 1215 arti
585 1149 1077 1225 existimamus,
1104 1150 1220 1232 qui
1258 1167 1332 1213 se
1376 1155 1447 1212 et
1488 1149 1718 1232 pingid
1763 1149 1850 1213 ab
1880 1167 2016 1212 uno
2043 1147 2313 1231 Apelle,
2345 1153 2412 1212 et
2450 1147 2610 1230 fingi

418 1269 463 1313 a
489 1249 795 1331 Lysippo
826 1249 1285 1312 tantummodo
1312 1248 1530 1313 voluit
1545 1250 1611 1311 ‘l‘
1901 1309 1908 1318 ,

500 1351 567 1416 3.
611 1349 827 1412 Tenet
869 1350 1157 1412 visentes
1186 1346 1489 1412 Athenas
1510 1351 1557 1386 ¹¹
1604 1346 1956 1412 Vulcanus
2000 1347 2425 1412 Alcamenis⁸
2465 1367 2609 1411 ma-

416 1450 617 1516 nibus
644 1449 1036 1513 fabricatus.
1128 1448 1384 1512 Praeter
1426 1453 1652 1510 cetera
1693 1447 1869 1512 enim
1912 1449 2422 1530 perfectissimae
2453 1451 2613 1514 artis

417 1549 486 1612 in
514 1569 595 1612 eo
621 1549 1091 1632 praecurrentia
1119 1548 1389 1623 iudicia,
1422 1548 1626 1610 etiam
1651 1546 1817 1612 illud
1847 1547 2219 1625 mirantur:
2262 1549 2447 1631 quod
2477 1553 2617 1614 stat

416 1649 857 1714 dissimulatae
901 1647 1413 1713 claudicationis
1457 1648 1586 1710 sub
1627 1654 1816 1712 veste
1858 1647 2095 1712 leviter
2121 1649 2479 1730 vestigium·
2513 1667 2612 1742 ren

316 1775 329 1784 ·
416 1754 907 1832 praesentanS,¹²
948 1755 1024 1812 ut
1050 1767 1185 1812 nou
1213 1753 1533 1829 tanquam
1558 1748 2036 1829 exprobratum
2059 1749 2324 1825 vitium,
2343 1751 2440 1813 ita
2469 1755 2612 1812 tan-

420 1856 692 1931 quam¹³
759 1855 1008 1913 certam
1062 1848 1533 1930 propriamque
1598 1848 1729 1911 Dei
1780 1853 2005 1916 notam
2057 1848 2300 1912 decore
2361 1849 2612 1930 signifi-

420 1966 606 2012 cans.

502 2049 570 2110 4.
610 2047 821 2132 Cujus
856 2049 1229 2132 conjugem
1282 2048 1664 2114 Praxiteles
1682 2045 1707 2085 ¹
1740 2049 1812 2112 in
1857 2067 2183 2113 marmore
2235 2048 2432 2131 quasi
2471 2047 2613 2130 spi-

418 2153 669 2213 tantem
713 2149 1062 2232 intemplo
1105 2148 1539 2214 Gnidiorum⁸
1580 2149 1968 2225 collocavit,
2000 2155 2283 2230 propter
2321 2146 2614 2231 pulchri-

483 2335 510 2360 ⁶
530 2327 751 2377 Statuam
788 2329 987 2379 Vulcani
1018 2311 1079 2378 ab
1116 2331 1367 2378 Alcumeus
1385 2331 1616 2392 seidptam
1643 2329 1940 2377 admirantur
1968 2342 2124 2378 omnes
2151 2327 2234 2390 qui
2253 2299 2617 2376 Atucausensi-

418 2398 533 2469 sunt
547 2407 567 2448 .-
596 2407 705 2441 ηοω
732 2398 911 2471 ρι’-αφ·
940 2399 1109 2471 σείσω·
1131 2393 1487 2469 μεζῙεσέἰορίωω
1522 2393 1861 2469 artis-indicia,
1882 2406 1985 2454 «μω
2013 2392 2182 2442 statim
2201 2390 2262 2439 ab
2282 2389 2616 2454 aspicientibus

418 2458 657 2519 mderoear,
678 2462 823 2506 etiam
841 2458 961 2506 iunci
978 2459 1293 2507 admiratione
1309 2459 1507 2519 dignam
1526 2460 1752 2505 emitur.

1338 2598 1544 2619 ”Onu
1547 2598 1632 2618 m
1635 2598 1694 2619 00

424 2699 489 2744 10
520 2694 611 2748 Ita
628 2694 849 2758 Pighius
872 2712 937 2746 ex
971 2698 1121 2748 codd.
1144 2699 1323 2763 itaque
1344 2713 1521 2749 omnes
1542 2696 1846 2747 Torreniani
1872 2709 1988 2744 cum
2008 2697 2130 2746 Vct.
2153 2694 2298 2756 Meg.
2322 2698 2378 2743 et
2399 2691 2616 2741 Mediol.

420 2774 569 2807 caeno
598 2765 727 2809 metu
757 2760 915 2809 Aldd.
949 2761 1115 2811 Colin.
1156 2762 1355 2825 Grypb.
1395 2770 1451 2813 et
1484 2762 1800 2824 Steph..—-11
1837 2761 2024 2822 Copes.
2063 2758 2248 2807 Leidd.
2269 2762 2318 2807 2.
2340 2762 2390 2805 5.
2413 2758 2537 2805 Vet.
2560 2764 2618 2805 et

422 2822 645 2873 Ascens.
676 2823 895 2874 Athenis.
938 2826 955 2852 ‘
972 2826 1096 2873 Mox
1139 2826 1293 2877 codd.
1357 2826 1648 2885 Achimenia
1685 2824 1994 2883 Alebimenis,
2031 2821 2350 2881 Archineuis,
2388 2826 2444 2868 et
2473 2818 2618 2868 Alca-

424 2887 601 2935 menis.-
636 2888 783 2950 Meg.
803 2888 1126 2947 Alehineuin
1158 2890 1373 2939 Venett.
1403 2890 1660 2941 Aeimenis.
1726 2889 1948 2936 Rectum
1970 2893 2146 2935 tamen
2166 2883 2452 2933 Alcamenis.
2498 2883 2616 2931 Me·

424 2950 578 2998 minit
598 2956 654 2999 et
676 2951 788 3001 Cic.
813 2951 880 3000 de
904 2953 1029 3003 Nat.
1051 2954 1214 3003 Deor.
1253 2967 1291 3003 ι.
1324 2957 1406 3002 80.
1427 2954 1582 3016 hujus
1613 2952 1956 3001 claudicantis
1989 2948 2214 2998 Vulcani
2245 2948 2312 2996 ab
2333 2946 2619 2995 Alcumena

423 3010 701 3062 fabricati?
736 3016 1056 3066 Turrem—12
1079 3017 1267 3077 Copes.
1290 3016 1397 3067 Bit.
1424 3031 1531 3067 sec.
1551 3018 1685 3066 Uitr.
1712 3017 1864 3078 prim.
1889 3014 2034 3062 Leia.
2059 3026 2164 3061 see.
2189 3018 2244 3060 et
2264 3011 2391 3060 Vct.
2411 3015 2619 3058 stans...-

424 3082 747 3137 repr-mentae,
766 3079 901 3141 quod
924 3078 1227 3128 Perizonius
1250 3081 1416 3140 malit,
1438 3095 1503 3128 ne
1524 3079 1631 3129 duo
1659 3077 1932 3141 participia
1953 3084 2058 3125 tam
2082 3074 2382 3139 propinquis
2403 3073 2456 3120 in
2490 3073 2618 3121 locis

426 3151 740 3190 concurrant
774 3142 859 3190 uni
895 3142 1051 3191 verbo
1089 3144 1432 3193 annectenda.
1459 3144 1598 3205 Lips.
1618 3142 1799 3192 statim·
1860 3141 1990 3190 Tres
2021 3140 2149 3188 Mss.
2183 3138 2616 3199 exprobrans—13

424 3202 643 3265 Pighius
662 3212 719 3254 et
740 3202 957 3256 Colerus
988 3211 1162 3270 tamen,
1186 3206 1281 3256 sed
1302 3207 1538 3271 plerique
1571 3206 1687 3255 libri
1721 3212 1964 3267 tauquam,
1983 3210 2038 3253 et
2056 3209 2198 3265 amat
2218 3201 2455 3251 Valerius
2475 3208 2618 3262 saepe

1412 3343 1627 3395 Nom-2

493 3455 519 3507 ξ
541 3449 643 3502 An.
665 3451 744 3499 Μ.
776 3455 922 3503 8688.
957 3451 1047 3501 01.
1068 3457 1152 3503 87.
1189 3457 1239 3504 2.
1270 3452 1399 3503 Urb.
1422 3453 1483 3503 C.
1632 3458 1656 3485 ⁶
1680 3448 1970 3511 fflmeuis]
1987 3449 2091 3499 Qui
2111 3447 2404 3499 statuarius
2417 3446 2618 3496 Phidia

427 3529 547 3575 828.
580 3524 710 3576 Ant.
733 3527 828 3576 Cb.
853 3531 969 3577 480.
1564 3528 1802 3586 remulus,
1814 3538 1882 3575 ex
1904 3523 2182 3573 Pliniolib.
2203 3536 2406 3572 xxxxv.

493 3598 519 3633 ‘¹
557 3602 655 3656 Qui
693 3616 745 3650 se
770 3606 820 3650 et
851 3601 1011 3665 pinet]
1043 3602 1190 3651 Idem
1211 3601 1406 3651 habent
1428 3607 1483 3651 et
1627 3601 1651 3633 ¹
1675 3598 1973 3661 Praxiteles]
2024 3598 2300 3647 Mai-moris
2349 3594 2624 3658 sculpendi

423 3674 617 3723 Cicero
638 3675 803 3738 Epist.
823 3675 916 3726 lib.
932 3686 987 3725 v.
1023 3675 1087 3723 ad
1114 3675 1411 3737 Lucceium,
1432 3681 1487 3725 et
1564 3677 1778 3739 insignis
1814 3674 2022 3736 artifex,
2043 3688 2160 3724 cum
2185 3674 2360 3722 multis
2385 3674 2500 3722 aliis
2523 3674 2624 3735 sig.

428 3746 683 3798 Horatius
703 3750 873 3813 Epist.
893 3750 988 3798 lin.
1007 3750 1205 3799 ultimo.
1272 3749 1487 3813 Apelles
1564 3753 1665 3814 nis,
1687 3758 1797 3801 tum
1833 3751 2027 3815 duplici
2053 3749 2374 3812 potissimum
2413 3748 2622 3797 Venere

431 3822 568 3873 Cous
606 3821 725 3883 fuit,
763 3824 1023 3887 Lysippus
1059 3824 1359 3887 Sicyonius:
1398 3824 1487 3873 ille
1566 3827 1898 3876 nobilitatus:
1948 3827 2118 3876 altera
2159 3824 2368 3882 Gnidia,
2407 3823 2519 3873 Coa
2551 3824 2624 3871 al-

429 3897 697 3960 pingendi‚
717 3898 801 3947 hic
834 3898 1060 3961 fingendi
1090 3907 1205 3948 arte
1237 3906 1489 3962 praestan-
1560 3908 1702 3951 (era.

432 3972 677 4023 tissimus.
710 3974 971 4037 Lysippus
1008 3973 1073 4023 ad
1114 3982 1367 4024 sexcenta
1401 3976 1491 4025 de·
1630 3982 1658 4018 ⁸
1693 3977 1753 4025 In
1771 3978 1940 4037 templo
1965 3972 2275 4035 auidiorem]
2297 3971 2498 4022 Gnidus
2521 3987 2622 4021 una

428 4060 549 4097 cem
560 4046 709 4109 signa
731 4046 919 4097 fecisse
942 4048 1183 4097 traditur.
1569 4064 1637 4099 ex
1658 4050 1883 4114 quinque
1917 4048 2130 4098 urbibus
2153 4046 2376 4096 Graeciae
2401 4047 2624 4112 Dorlcae,

496 4119 527 4149 ⁶
559 4120 662 4170 An.
686 4123 762 4173 M.
783 4125 933 4174 8780.
998 4123 1217 4175 01.111.
1241 4127 1291 4173 8.
1356 4122 1491 4173 Urb.
1566 4124 1623 4172 in
1656 4130 1893 4173 extrema
1935 4123 2223 4187 peninsula
2261 4129 2413 4186 parte
2451 4123 2620 4174 Cariae

426 4195 627 4247 00419.
660 4194 787 4247 Ant.
812 4197 906 4248 Cb.
930 4201 1042 4248 888.
1567 4196 1896 4249 adherentis.
2601 4212 2612 4225 ⁹
