3144 4925
580 361 712 430 830

586 525 793 592 vixit:
853 523 1147 608 ideoque
1202 523 1533 608 Physcon·
1575 521 1957 607 appellatus
2011 530 2136 588 est.
2223 521 2436 607 Cujus
2477 523 2782 608 nequitia

586 626 753 709 quid
806 627 1093 710 nequius
1110 626 1141 689 'l
1199 645 1499 692 sororem
1557 632 1718 690 natu
1774 626 2092 709 majorem
2149 626 2490 692 communi
2543 627 2738 691 fratri
2756 625 2782 663 b

589 735 862 812 nuptam
913 728 1042 792 sibi
1070 729 1311 792 nubere
1361 727 1608 810 coiigit.
1693 727 1943 792 Postea
1989 725 2228 791 deinde
2275 726 2420 791 filia
2467 727 2616 811 ejus
2659 747 2782 809 per

586 831 725 896 vim
752 837 1081 914 stuprata,
1104 831 1323 914 ipsam
1352 830 1658 909 dimittit)2
1699 834 1774 894 ut
1801 846 2082 894 vacuum
2108 830 2338 894 locum
2367 829 2623 912 nuptiis
2651 847 2780 912 pu-

589 933 739 997 ellae
767 932 1061 996 faceret*

672 1033 740 1097 6.
782 1031 1281 1098 Consentaneus
1303 1032 1500 1116 igitur
1524 1034 1796 1115 regibus
1840 1033 1984 1097 suis
2026 1034 2236 1116 gentis
2269 1030 2608 1117 AEgyptiae
2651 1051 2779 1114 po-

590 1136 831 1218 pulus:
874 1136 995 1217 qui
1024 1132 1236 1199 ductu
1262 1132 1584 1199 Archelai
1601 1132 1631 1169 ‘¹
1669 1134 1997 1199 adversus
2023 1133 2110 1197 A.
2139 1133 2504 1198 Gabinium
2540 1135 2779 1198 moeni-

589 1240 719 1302 bus
750 1236 934 1300 urbis
962 1253 1289 1318 egressus,
1317 1253 1473 1299 cum
1501 1239 1524 1270 ‘
1542 1239 1766 1299 castra
1797 1234 1975 1300 vallo
2019 1241 2222 1318 atque
2249 1236 2441 1300 fossa
2471 1235 2738 1320 cingere
2767 1238 2784 1266 ’

569 1339 943 1422 juberetur,
973 1337 1316 1402 universus
1342 1337 1804 1414 succlamavit,
1837 1341 1856 1370 ‘
1879 1342 1954 1402 ut
1978 1336 2048 1401 id
2079 1355 2250 1420 opus
2267 1335 2546 1419 publica
2571 1357 2779 1421 pecu-

590 1441 706 1504 nia
733 1439 1112 1504 faciendum
1137 1436 1506 1503 locaretur.'
1591 1436 2026 1522 Quapropter
2053 1438 2314 1504 deliciis
2333 1445 2468 1505 tam
2497 1458 2779 1504 enerves

588 1541 789 1605 animi
819 1541 1125 1624 spiritum
1154 1540 1491 1603 exercitus
1518 1539 1728 1604 nostri
1759 1539 2086 1604 sustinere
2111 1559 2251 1603 non
2279 1546 2714 1623 potuerunt.⁴⁴
2730 1549 2756 1601 τ

672 1641 740 1704 7.
782 1640 915 1706 Sed
944 1644 1165 1704 tamen
1192 1638 1657 1704 effoeminatior
1685 1638 2038 1703 multitudo
2084 1638 2503 1723 Cypriorum,
2533 1642 2650 1725 qui
2679 1660 2777 1704 re-

587 1743 779 1825 ginas
806 1761 965 1806 suas
994 1740 1335 1806 mulierum
1367 1739 1760 1823 corporibus
1785 1739 1974 1804 velut
2001 1741 2315 1821 gradibus
2344 1742 2775 1818 constructiS,

588 1863 729 1926 quo
762 1844 1031 1909 mollius
1072 1843 1362 1925 vestigia
1404 1842 1658 1926 pedum
1703 1848 2040 1924 ponerent,
2067 1861 2294 1906 currus
2337 1842 2780 1907 conscendere

592 1964 788 2028 aequo
828 1946 1053 2009 animo
1098 1944 1532 2009 sustinebant.
1626 1942 1812 2009 Viris
1843 1944 2042 2022 enim,
2071 1945 2134 2008 si
2171 1943 2367 2008 modo
2395 1945 2522 2008 viri
2565 1951 2777 2020 erant,

588 2046 735 2108 vita
762 2064 1007 2122 carere,
1034 2064 1236 2127 quam
1267 2053 1402 2110 tam
1432 2045 1715 2110 delicato
1754 2046 2035 2128 imperio
2080 2047 2532 2129 obtemperare
2564 2045 2776 2109 satius

588 2146 733 2210 fuit.
892 2150 900 2158 '

1175 377 1490 428 VALBRH
1542 375 1838 426 quml
1887 377 2039 427 Lm.
2093 376 2198 427 [X.

1487 2242 1576 2262 θ’)
1581 2242 1781 2262 OOOOOOO
1787 2242 1842 2261 ‘O

1815 2281 1826 2292 ο

588 2355 884 2473 Phitapro
905 2355 1123 2471 Pthyscon
1141 2356 1191 2406 in
1212 2357 1473 2422 plerisque
1494 2357 1646 2407 codd.
1671 2357 1864 2408 Phierio
1879 2357 2052 2408 Βίων.
2071 2360 2248 2406 1.-44
2281 2357 2466 2421 Οοροο.
2489 2361 2542 2405 et
2560 2355 2774 2406 Lento.

588 2435 679 2471 non
786 2435 935 2471 uerna
960 2453 973 2468 .

1568 2527 1792 2579 NOTAE

585 2647 729 2703 getes
774 2641 839 2690 ab
881 2640 1279 2704 Alexandrini03
1325 2643 1640 2707 Evergetem

588 2724 759 2767 tamen
782 2718 1034 2782 appellari
1057 2733 1112 2767 se
1137 2719 1359 2769 volebat.

650 2791 672 2824 ¹²
696 2792 945 2841 Communi
952 2791 1135 2854 fratri]
1172 2792 1442 2842 Ptolemaei
1467 2792 1638 2841 Philo-

583 2866 818 2925 metoris,
839 2881 991 2931 quem
1012 2880 1173 2931 regno
1192 2868 1493 2931 expulerat:
1525 2867 1639 2931 ipse

584 2942 719 2991 enim
742 2942 883 3005 prius
906 2941 1154 3005 regnabat
1176 2941 1229 2990 in
1248 2941 1469 3005 Cyrene.

649 3024 672 3050 e
708 3017 935 3080 Dimisit]
970 3017 1099 3067 Cum
1130 3016 1182 3066 in
1211 3017 1459 3081 populum
1481 3016 1637 3067 caedi·

586 3094 680 3143 bus
726 3100 1069 3156 grassaretur,
1118 3092 1325 3143 incensa
1374 3108 1405 3142 a
1449 3094 1638 3157 populo

586 3167 746 3229 regia,
776 3167 887 3229 ipse
911 3168 964 3216 in
990 3167 1219 3231 Cyprum
1254 3167 1485 3233 aufugit:
1518 3168 1639 3218 hine

500 3240 505 3243 ’
586 3241 733 3294 multi
772 3242 1040 3303 tumultus,
1073 3256 1201 3306 quos
1245 3242 1358 3293 fuse
1400 3243 1640 3294 Justinuz

586 3316 931 3384 persequitur.

516 3386 521 3391 ’
585 3424 589 3429 -
653 3403 675 3449 ψ
710 3393 811 3442 An.
838 3392 913 3443 M.
935 3396 1081 3443 8922.
1139 3393 1225 3444 01.
1264 3398 1373 3445 162.
1406 3399 1453 3445 1.
1507 3395 1638 3445 Urb-

1721 2643 1781 2692 C.
1802 2646 1918 2692 621.
1973 2640 2101 2691 Ant.
2125 2641 2219 2691 Ch.
2246 2645 2356 2690 131.
2541 2700 2550 2711 .

1784 2717 1807 2750 ‘¹
1839 2718 2004 2767 Duo-lu
2025 2716 2272 2779 Archelai]
2303 2714 2400 2764 Cui
2434 2716 2636 2781 Regina
2671 2716 2774 2765 Be-

1720 2792 1892 2842 renice
1915 2792 2209 2842 Ptolemaeo
2234 2798 2386 2855 patre
2419 2791 2564 2855 pulso
2587 2805 2774 2853 nupse-

1719 2875 1832 2919 rat:
1885 2866 2086 2917 duobus
2127 2866 2185 2915 in
2229 2865 2424 2930 praeliis
2469 2880 2500 2915 a
2544 2866 2773 2916 Gabinio

1709 2944 1884 2994 'vitetue
1921 2951 2032 3005 θεῖς
2065 2956 2279 3008 qnorum
2303 2943 2353 2991 in
2378 2943 2544 2993 altero
2565 2950 2770 3007 captus,

1719 3026 1775 3068 et
1798 3018 2019 3082 pecunia
2041 3018 2300 3079 dimissus,
2334 3018 2385 3066 in
2413 3017 2582 3067 altero
2603 3032 2770 3067 eaesus

1716 3098 1825 3155 e⁸t3
1863 3108 1954 3143 seu
1974 3108 2006 3143 a
2027 3091 2293 3154 Romanis,
2315 3099 2371 3141 ut
2393 3093 2570 3155 placet
2592 3094 2768 3158 Dioni,

1719 3184 1811 3219 seu
1833 3184 1864 3218 a
1886 3168 2188 3227 Ptolemaeo,
2212 3174 2271 3217 ut
2294 3168 2403 3217 vult
2419 3168 2628 3218 Strabo.

1782 3252 1805 3303 τ
1839 3245 1943 3295 An.
1966 3245 2044 3294 M.
2081 3248 2229 3295 3999.
2286 3243 2373 3295 01.
2397 3248 2509 3294 181.
2531 3248 2583 3294 2.
2637 3243 2766 3293 Urb.

1720 3322 1780 3371 C.
1809 3325 1924 3371 698.
1974 3319 2098 3369 Ant.
2123 3319 2218 3369 Ch.
2239 3322 2324 3369 64.
