3144 4925
577 327 716 400 '538

583 491 790 577 afilae
823 490 1176 573 imaginem
1217 485 1588 574 imposuit?
1674 489 1861 554 Idem
1898 507 2087 554 saeva
2102 495 2153 536 ⁵³
2200 486 2779 571 potentissimire-

551 596 694 676 -gis
752 593 1011 658 Minois
1058 593 1342 675 imperia
1363 601 1391 626 ¹⁷
1443 592 1726 655 vixdum
1782 597 1981 656 aetate
2040 591 2451 674 pubescente
2510 589 2781 673 repulit.

582 695 786 762 Idem
811 693 1225 760 effroenatam·
1248 693 1631 760 Thebarum
1652 701 1705 742 ⁵⁴
1746 693 2169 757 insolentiam
2186 700 2239 746 ‘'-
2267 693 2543 758 domuit.
2576 692 2782 758 -Idem

578 817 786 881 opem
829 796 1060 860 liberis
1091 795 1454 860 Herculis*
1499 797 1668 873 tulit,
1698 802 1767 860 et
1812 794 2131 878 quicquid
2176 795 2429 879 ubique
2452 795 2737 858 monstri
2756 801 2787 840 ἵ

586 901 708 972 aut
749 898 1018 962 sceleris
1060 897 1205 974 fuit,
1244 898 1486 962 virtute
1537 899 1743 962 animi
1790 917 1873 962 ac
1902 898 2151 962 -robore
2196 897 2458 962 dextras
2488 897 2783 960 ‚commi-

583 999 747 1062 nuit.
835 999 1064 1084 Hujus
1105 1005 1327 1062 tamen
1374 999 1690 1063 summoti
1748 999 1835 1062 ab
1885 997 2430 1075 Atheniensibus,
2487 997 2737 1080 Scyros
2758 1005 2785 1032 ⁸

585 1102 791 1164 exule
811 1106 865 1147 ⁵5
908 1101 1158 1164 minor·
1197 1100 1435 1178 insula,
1467 1120 1624 1165 ossa
1672 1102 1905 1165 mortui
1936 1102 2133 1184 cepit.
2218 1100 2264 1164 J
2268 1120 2377 1168 am
2402 1099 2636 1174 Solon,
2670 1100 2784 1181 qui

593 1205 730 1266 tam
773 1201 1154 1284 praeclaram,
1188 1207 1458 1285 tamque
1491 1202 1699 1266 utiles
1730 1201 2247 1288 Atheniensibus
2271 1202 2453 1285 leges
2484 1201 2659 1276 tulit,
2680 1207 2780 1275 ut,

589 1303 654 1365 si
684 1301 786 1368 his
817 1309 1132 1386 perpetuo
1160 1305 1262 1366 uti
1291 1303 1683 1381 voluissent,
1712 1305 2182 1387 sempiternum
2223 1303 2527 1367 habituri·
2545 1300 2787 1365 fuerint

587 1402 985 1486 ‹imper-ium:
1031 1406 1144 1487 qui
1175 1405 1516 1469 Salamina
1537 1403 1562 1440 ¹²
1604 1406 1789 1469 velut
1810 1405 2121 1476 hostilem
2154 1422 2493 1470 arcemex
2514 1403 2785 1486 propin-

587 1521 736 1587 tquo
766 1506 968 1570 saluti
1008 1525 1230 1570 eorum
1249 1555 1254 1560 .
1274 1506 1720 1570 imminentem
1755 1507 2179 1591 recuperavit
2198 1514 2269 1572 :⁰—
2294 1505 2785 1590 qui-Pisistrati

1177 347 1486 398 vanum!
1507 340 1521 346 ’
1539 345 1834 394 MAxlm
1888 347 2033 396 [ΑΒ.
2077 345 2149 393 V·

1515 1682 1867 1704 mm„

597 1807 797 1858 habent
819 1816 964 1859 recte
1001 1810 1363 1874 separatimque.
1396 1809 1545 1861 Leid.
1562 1816 1613 1861 7.
1636 1810 1796 1862 habet
1816 1811 1972 1861 etiam
1996 1825 2093 1874 pro
2115 1825 2165 1862 v,
2188 1812 2226 1861 1.
2254 1812 2597 1876 sparsim—53
2637 1811 2786 1860 Idem-

591 1887 687 1938 ‚que
708 1888 815 1922 seva
839 1873 989 1922 Harl.
1024 1875 1159 1924 Idem
1180 1877 1324 1924 etiam
1343 1890 1465 1938 σερε
1487 1875 1650 1924 Barb.
1678 1880 1859 1925 1.-64
1889 1876 1975 1926 Sic
2012 1876 2295 1924 Torrenius
2334 1876 2641 1926 anctoritate
2682 1891 2790 1924 orn-

591 1937 737 2001 ‚nium
762 1937 888 1988 Mus.
909 1944 963 1986 et
981 1937 1133 1989 editt.
1155 1939 1421 2002 rescripsit
1445 1954 1535 2002 pro
1580 1940 1918 2003 qupbanorum,
1952 1941 2089 2004 quod
2126 1957 2155 1990 a
2192 1940 2377 2003 Pighio
2400 1947 2531 1989 erat.
2599 1940 2789 1991 Omnia

597 2015 726 2056 ‚vero
749 2001 892 2050 baecz
926 2002 1061 2051 Idem
1083 2002 1363 2065 effrenatam
1388 2003 1442 2052 T.
1465 2004 1498 2052 i.
1521 2005 1565 2052 d.
1601 2004 1648 2053 Ι.
1670 2021 1715 2054 ο.
1737 2004 1771 2053 1.
1807 2003 1881 2053 H.
1904 2007 2036 2068 tulit,
2071 2005 2256 2053 omissa
2286 2012 2405 2054 sunt
2430 2006 2480 2053 in
2504 2004 2784 2054 Rath—65

501 2101 510 2106 -
593 2065 846 2130 ,Quinque
870 2066 1022 2116 oodd.
1045 2059 1266 2116 Torreu.
1305 2068 1461 2118 exulis
1481 2085 1497 2116 .·
1534 2068 1679 2134 Maeog.
1704 2068 1897 2118 habet:
1935 2069 2073 2118 Τένου
2109 2069 2262 2118 insula
2292 2069 2445 2118 minor
2476 2069 2627 2118 exulis
2647 2082 2791 2126 mu,-

1589 2228 1800 2279 NOTAE

595 2359 606 2381 ⁴
665 2353 696 2384 ‘⁰
729 2352 832 2406 An.
857 2354 935 2404 M.
958 2358 1107 2404 2833.
1131 2355 1260 2405 Ant.
1280 2355 1375 2405 Ch.
1399 2361 1544 2407 1220.

595 2445 606 2456 ·
664 2437 688 2464 v
722 2429 906 2481 Minois
942 2431 1166 2495 impen'a]
1212 2431 1518 2498 Androgeos
1555 2431 1657 2481 Mi-

593 2506 712 2559 'nois
750 2506 887 2556 filius
927 2508 992 2557 ab
1024 2508 1424 2559 Atheniensibus
1463 2510 1659 2559 occisus

595 2580 714 2649 ’ρει-ς
747 2583 920 2631 Minos
950 2582 1128 2646 AEgaeo
1159 2584 1344 2634 Thesei
1381 2586 1517 2649 patri
1552 2585 1659 2634 bel-

597 2659 708 2707 lum
730 2658 938 2709 intulit:
975 2673 1078 2722 pax
1097 2674 1160 2709 ea
1195 2662 1311 2723 lege
1336 2660 1534 2711 sancita
1556 2668 1658 2723 est,

604 2738 887 2797 rttseptem
902 2736 1124 2797 juvenes
1153 2736 1429 2799 quotannis
1461 2737 1511 2784 in
1549 2752 1657 2785 ser-

599 2809 822 2859 *vitutem
847 2808 1120 2859 ad-Minoa
1135 2811 1500 2860 mitterentur:
1536 2812 1657 2860 mis-

601 2890 688 2933 ‘sus
725 2897 859 2934 anno
892 2883 1051 2933 tertio
1086 2884 1335 2948 Theseus,
1375 2888 1464 2951 qui
1501 2886 1659 2935 bene-

599 2955 722 3009 'ficio
767 2960 1022 3009 Ariadnes
1063 2960 1162 3009 sibi
1212 2961 1336 3027 fuga
1381 2964 1659 3015 consuluit.

605 3036 761 3085 Unde
809 3038 952 3086 locus
999 3034 1190 3087 fabulae
1246 3040 1313 3087 de
1364 3039 1661 3101 labyrintho

606 3114 775 3163 datus.

683 3193 716 3222 '¹'
751 3192 1014 3239 Thebarum
1035 3190 1356 3253 insolentiam]
1390 3191 1522 3241 Cum
1545 3194 1661 3242 Rex

605 3266 968 3317 Thebanorum
1017 3264 1210 3315 Creon?
1236 3266 1560 3329 prohiberet,
1594 3282 1659 3318 ne

602 3358 826 3406 corpora
865 3356 1059 3403 eorum,
1093 3342 1181 3406 qui
1223 3342 1275 3390 in
1323 3342 1460 3392 bello
1503 3345 1661 3395 Ethe-

605 3420 736 3468 'oclis
756 3426 813 3468 et
836 3418 1100 3481 Polynieis
1133 3417 1450 3482 ceciderant,
1475 3422 1663 3486 sepeli·

600 3501 822 3553 rentum
856 3499 1170 3542 mortuorum
1207 3500 1262 3541 et
1291 3508 1477 3543 uxores
1509 3504 1566 3545 et
1603 3495 1660 3545 li·

607 3571 722 3621 beri
739 3567 1048 3632 confugiunt
1069 3569 1134 3617 ad
1152 3570 1424 3635 Theseum,
1443 3573 1531 3637 qui
1554 3574 1663 3623 vic-

609 3646 677 3694 tis
699 3644 957 3693 Thebanis
979 3657 1195 3708 corpora
1232 3646 1336 3695 suis
1363 3648 1664 3709 sepelienda

608 3720 845 3768 tradidit.
1165 3752 1172 3759 -

610 3816 624 3825 ·
671 3804 699 3830 ¹
735 3799 882 3860 Opem
909 3795 1071 3844 liberis
1091 3796 1336 3858 Herculis]
1367 3797 1470 3848 Qui
1502 3797 1662 3847 Athe-

608 3882 701 3922 nas
724 3872 790 3921 ad
825 3886 961 3921 aram
986 3871 1362 3919 Misericordiae
1385 3871 1662 3936 t’ugerant3

609 3949 746 4012 quod
763 3948 912 3997 multi
936 3947 1001 3996 ab
1026 3946 1253 3996 Hercule
1276 3946 1464 4010 injuria
1483 3946 1662 3997 affecti

611 4022 724 4071 illos
747 4027 1198 4086 persequerentur.

675 4103 699 4137 r
735 4097 968 4158 Quicquid
1005 4096 1172 4159 ubique
1203 4093 1426 4159 monstri]
1471 4098 1665 4149 Tauros

613 4169 998 4220 Marathonium
1019 4179 1077 4221 et
1102 4172 1438 4235 Cretensem3
1470 4174 1665 4237 Tyran—
1748 4201 1761 4208 ·

1738 2371 1831 2407 nos
1871 2357 2221 2421 Periphanem,
2261 2355 2474 2418 Sinnim,
2510 2354 2789 2420 Scyronem

1738 2431 1803 2485 et'·
1815 2434 2170 2483 Procrustem.
2322 2433 2325 2438 ’

1802 2518 1823 2542 ²
1857 2509 2048 2573 Scyros]
2083 2508 2258 2559 Insula
2277 2513 2455 2557 contra
2470 2506 2790 2569 Magnesiam

1738 2586 1792 2635 in
1814 2587 1942 2635 mari
1966 2585 2173 2649 AEgae03
2225 2598 2327 2633 una
2359 2597 2426 2632 ex
2464 2581 2793 2651 Cycladibus.

1742 2662 1792 2710 N
1798 2675 1897 2710 unc
1918 2660 2084 2724 Scyro.

1803 2744 1830 2771 ¹·
1860 2739 2019 2785 Exuit
2046 2734 2223 2799 minor]
2278 2735 2406 2783 Cum
2448 2733 2559 2797 ipse
2597 2731 2793 2796 primns

1740 2812 2047 2866 Ostracismi
2070 2814 2235 2875 legem
2258 2810 2542 2870 statuisset,
2575 2822 2670 2871 per
2693 2808 2793 2871 sig·

1738 2904 1806 2939 na
1826 2895 2081 2939 testarum
2105 2887 2307 2950 ejectus
2331 2891 2434 2944 est,
2455 2898 2517 2931 ex
2538 2884 2791 2931 Eusebio:

1740 2964 1875 3030 quod
1894 2964 2052 3013 etiam
2065 2960 2607 3011 indicatPlutarchns.
2629 2958 2796 3008 Paulo

1741 3048 1862 3104 post
1906 3037 2212 3104 Lycomedis
2249 3037 2421 3099 jussu,
2472 3036 2559 3098 qui
2609 3033 2702 3081 hac
2741 3032 2794 3082 in

1739 3115 1904 3165 insula
1944 3122 2050 3163 tum
2098 3110 2409 3175 imperabat,
2456 3109 2523 3159 de
2562 3123 2691 3171 rupe
2740 3109 2795 3158 in

1742 3206 1975 3256 praeceps
1999 3195 2141 3239 actus
2164 3194 2262 3237 est.

1805 3267 1828 3302 b
1860 3264 2126 3327 Salamina]
2173 3262 2401 3312 Insulam
2442 3260 2661 3311 Euboici
2694 3274 2798 3309 ma·

1738 3344 1814 3394 ris
1832 3342 1885 3391 in
1911 3342 2025 3391 sinu
2047 3338 2315 3390 Saronico.
2370 3335 2542 3397 Hodie
2568 3336 2752 3385 Caluri.

1738 3444 1763 3457 -·
1807 3424 1830 3453 ⁰
1865 3415 2201 3479 Rea-apertuit]
2230 3412 2441 3464 Jamdiu
2472 3418 2657 3461 contra
2674 3411 2795 3467 Me·-

1742 3507 1982 3560 garenses
2011 3491 2078 3540 de
2101 3488 2294 3539 Salami
2338 3493 2621 3552 pugnatum
2663 3493 2800 3547 erat,

1742 3586 1856 3620 cnm
1881 3567 2100 3617 vetitum
2122 3570 2223 3626 est,
2240 3578 2306 3613 ne
2325 3563 2439 3627 quis
2463 3562 2527 3611 de
2540 3563 2638 3611 hoc
2660 3560 2797 3611 bello

1744 3642 2037 3695 renovando
2066 3642 2229 3702 legem
2260 3638 2461 3688 ferret:
2497 3643 2605 3685 tum
2636 3636 2795 3686 Solon

1744 3721 1981 3769 simulata
2004 3717 2265 3766 dementia
2288 3712 2517 3763 versibus
2532 3712 2799 3774 incompo-

1742 3796 1853 3844 sitis
1877 3794 2067 3842 bellum
2098 3790 2278 3838 suasit.
2346 3788 2530 3851 Itaque
2570 3785 2797 3835 omnium

1744 3868 1984 3920 accendit
2005 3868 2219 3926 animos,
2241 3869 2300 3913 ut
2318 3862 2580 3925 extemplo
2604 3860 2797 3909 bellurn

1744 3945 2135 4004 decerneretur,
2156 3941 2423 4002 insulaque
2439 3936 2659 3988 devictis
2681 3935 2799 3983 hos·

1742 4021 1881 4071 tibus
1924 4016 2273 4067 Athenienses
2315 4012 2627 4076 petirentur.
2712 4009 2798 4062 De

1743 4094 2009 4147 Pisistrati
2033 4088 2303 4155 tyrannide
2320 4088 2429 4150 jam
2461 4085 2665 4150 saepius.
