3144 4925
952 373 1113 444 anf.
1147 373 1279 422 vn.
1326 373 1423 424 nn
1468 374 2021 426 SEDITIONIBUS.
2450 359 2585 425 861·

406 515 591 579 'diam
620 512 915 591 ductum,
946 513 1247 597 populus
1288 515 1598 580 claustris
1629 518 1913 582 carceris
1945 517 2288 583 convulsis
2318 523 2584 602 raptum

404 615 697 679 humeris
743 615 885 678 suis
935 634 1057 697 per
1106 635 1430 680 summam
1478 619 1845 682 animorum
1895 619 2311 684 alacritatem
2357 627 2586 702 porta-

404 717 563 780 vit-⁵
1266 723 1273 730 ’

415 801 419 806 ’
488 815 556 878 2.
602 811 923 894 Idemque
942 818 973 860 4
1016 812 1105 892 Q.
1138 813 1483 879 Metellum
1505 815 1532 852 ¹²
1572 834 1937 894 censorem,
1967 818 2145 901 quod
2189 820 2278 882 ab
2307 837 2416 896 eo,
2447 824 2590 884 tan-

404 933 610 999 quam
638 912 926 978 Gracchi
956 913 1115 991 filio,
1145 933 1421 980 censum
1448 918 1740 999 recipere
1769 917 2057 994 nolebat,
2076 918 2419 1001 lapidibus
2439 939 2592 1002 pro-

406 1019 695 1079 sternere
746 1017 1027 1078 conatus
1084 1021 1209 1091 est,
1258 1014 1682 1080 affirmantem
1731 1021 1874 1080 tres
1913 1018 2372 1082 tantummodo
2419 1019 2595 1084 filios

407 1111 715 1179 Graccho
741 1111 989 1178 fuisse:
1042 1134 1081 1178 e
1110 1115 1355 1197 quibus
1382 1133 1587 1178 unum
1634 1117 1702 1179 in
1730 1114 2042 1180 Sardinia
2071 1116 2406 1200 stipendia
2453 1137 2594 1184 me-

409 1219 680 1290 rentem,
728 1212 1003 1276 alterum
1066 1213 1379 1278 infantem
1434 1215 1802 1294 Praeneste,
1859 1213 2124 1281 tertium
2178 1217 2340 1300 post
2388 1219 2598 1302 patris

411 1320 696 1376 mortem
726 1317 953 1376 natum
984 1309 1226 1379 Romae
1258 1310 1672 1380 decessisset
1716 1335 1931 1398 neque
1964 1325 2273 1398 oportere
2301 1317 2598 1382 clarissi-

412 1433 543 1476 mae
574 1411 847 1476 familiae
878 1413 1144 1495 ignotas
1196 1411 1429 1478 sordes
1461 1416 1702 1480 inseri:
1750 1435 1906 1479 cum
1935 1417 2192 1482 interim
2223 1417 2601 1502 improvida

414 1513 767 1578 concitatae
798 1512 1242 1577 multitudinis
1274 1515 1636 1592 temeritaS,
1663 1535 1783 1598 pro
1812 1514 2276 1598 impudentia,5
2305 1524 2373 1581 et
2396 1518 2602 1582 auda-

416 1614 548 1692 cia,
586 1613 907 1678 adversus
938 1614 1360 1678 consulatum
1412 1620 1480 1679 et
1525 1635 1873 1680 censuram
1903 1611 2197 1696 tetendit,
2239 1619 2603 1702 principes·

416 1731 545 1796 que
573 1730 734 1778 suos
760 1715 938 1778 omni
959 1712 1349 1797 petulantiae
1380 1733 1616 1798 genere
1646 1717 1967 1780 vexavi&

422 1893 429 1902 ·
501 1815 567 1877 3.
610 1813 887 1878 Vesana
916 1814 1063 1879 haec
1094 1816 1594 1880 tantummode:
1639 1815 1757 1881 illa
1785 1817 1988 1881 etiam
2027 1824 2300 1881 cruenta
2341 1815 2606 1884 seditio.

420 1911 728 1996 Populus
758 1915 931 1978 enim
960 1913 1049 1978 A.
1078 1915 1404 1980 Numium
1422 1916 1450 1955 ⁶
1468 1923 1493 1950 ⁰
1536 1916 2055 1999 competitorem
2087 1911 2454 1994 Saturnini,
2483 1937 2600 1981 no-

419 2029 575 2078 vem
591 2015 733 2095 jam
764 2016 1004 2080 creatis
1051 2017 1358 2093 tribunis,
1405 2035 1673 2100 unoque
1719 2017 1875 2081 loco
1925 2016 2186 2080 duobus
2232 2017 2609 2082 candidatis

418 2121 737 2194 restante,
769 2117 836 2179 vi
883 2118 1069 2198 prius
1121 2118 1189 2181 in
1244 2118 1429 2182 aedes
1476 2120 1776 2200 privatas
1826 2119 2186 2200 compulit:
2234 2124 2610 2182 extractum

424 2213 657 2278 deinde
694 2216 1069 2297 interemit3
1116 2225 1196 2282 ut
1240 2219 1427 2285 caede
1475 2220 1882 2302 integerrimi
1932 2219 2102 2284 civis
2147 2217 2436 2284 facultas
2471 2217 2610 2282 adi-

421 2315 762 2396 piscendae
782 2325 807 2364 ⁷
853 2319 1212 2398 potestatis
1243 2321 1574 2382 teterrimo
1605 2319 1739 2383 civi
1767 2320 2072 2385 daretur.‡

508 2417 574 2478 4.
620 2414 1038 2480 Creditorum
1070 2437 1340 2501 quoque
1369 2417 1821 2483 consternatio
1865 2419 2213 2483 adversum
2243 2410 2617 2503 Sempronii

427 2514 820 2593 AsellioniS‚
842 2518 1159 2597 'praetoris
1188 2516 1442 2592 urbani,
1474 2522 1684 2599 caput
1731 2518 2130 2582 intolerabili
2171 2519 2374 2583 modo
2421 2540 2616 2585 exar-

1674 2698 1704 2719 δ

426 2798 581 2863 Pigh.
616 2805 671 2850 et
704 2801 973 2851 colen—4
1004 2804 1021 2831 ‘
1039 2802 1349 2865 Suspectum
1380 2810 1464 2853 est
1484 2818 1589 2867 quoe
1610 2818 1676 2852 ex
1702 2804 1765 2859 Q.
1787 2809 2038 2867 sequente
2061 2800 2267 2853 ortum!
2299 2792 2620 2850 Persam—5

430 2864 568 2915 Edd.
594 2872 725 2913 vett.
747 2866 1097 2929 imprimentia,-
1130 2866 1220 2915 sed
1246 2866 1463 2930 Pighius
1497 2868 1728 2930 correxit
1749 2882 1816 2915 ex
1838 2866 1991 2915 codd.
2023 2867 2038 2894 ‘
2056 2866 2110 2913 Si
2138 2868 2267 2913 bene
2290 2866 2409 2914 novi
2433 2880 2623 2914 sermo-

428 2942 549 2977 nem
568 2929 783 2989 Valerii,
804 2931 1016 2992 scripsit
1036 2932 1080 2979 is
1102 2930 1309 2993 quidem
1332 2948 1344 2979 :
1384 2933 1507 2980 Cum
1525 2932 1720 2981 enesim
1739 2930 1804 2978 im
1862 2931 2001 2979 ovida
2033 2930 2279 2977 concitata
2309 2930 2626 2977 multitudinis

429 2990 575 3053 (proh
602 2993 938 3053 impudentiam
972 3000 1021 3042 et
1052 2992 1322 3056 numam)
1356 2997 1578 3043 adversus
1606 2995 1792 3043 musula
1847 3009 1909 3043 m.
1974 2994 2166 3041 Mirum
2190 2992 2241 3039 iu
2262 2993 2466 3039 modum
2499 2992 2627 3041 istas

432 3055 920 3105 exclamatiunculas
957 3055 1171 3106 affectat
1201 3056 1497 3115 Valerius),
1527 3059 1684 3107 (ἴοιεν.
1717 3056 2010 3121 ἰιηριιάωιιία
2047 3056 2234 3116 Ultraj.
2272 3069 2376 3104 sec.
2411 3060 2626 3117 uterque

432 3116 603 3168 Paris.
627 3127 683 3166 et
704 3119 863 3168 Barb.
887 3122 1038 3183 prim.
1073 3120 1208 3184 quod
1250 3120 1361 3169 sine
1399 3120 1557 3169 dubio
1593 3134 1770 3169 verum
1792 3128 1891 3169 est.
1955 3119 2124 3168 Etiam
2149 3120 2386 3181 Guyetus
2417 3118 2628 3181 legebat

440 3180 536 3227 Pro
569 3181 856 3243 impudentia
893 3190 941 3232 et
980 3184 1217 3233 audacia!
1252 3182 1396 3232 Leid.
1433 3191 1568 3233 sext.
1604 3199 1710 3232 cum
1736 3183 2068 3245 imprudentia.
2103 3183 2290 3231 Colero
2325 3188 2380 3230 et
2417 3182 2627 3245 Guyeto

432 3258 539 3291 neu
562 3246 847 3298 assentior?
885 3248 1182 3297 Turrem—6
1214 3246 1301 3296 Ita
1321 3247 1472 3309 Pigh.
1496 3260 1562 3296 ex
1589 3248 1734 3296 Livio
1743 3264 1758 3307 3
1785 3256 1840 3295 et
1865 3246 1939 3295 sic
1962 3246 2152 3308 Ultraj.
2180 3250 2224 3293 1.
2244 3246 2293 3295 2.
2315 3244 2405 3293 sed
2427 3245 2627 3294 Brand.

433 3321 566 3356 unus
588 3310 831 3367 Minium3
865 3312 1001 3359 alter
1036 3310 1301 3371 Nunnium,
1328 3316 1383 3359 et
1421 3311 1531 3360 sine
1565 3310 1914 3373 praeuomine3
1953 3310 2186 3358 Mumium
2223 3308 2342 3358 edd.
2381 3317 2509 3358 vett.
2543 3308 2630 3357 alii

436 3371 586 3420 codd.
652 3374 889 3437 Nimium,
918 3376 1170 3434 Minimum,
1193 3380 1247 3423 et
1268 3375 1653 3425 Numicium—⁷
1686 3376 1823 3425 Dan.
1843 3373 2120 3436 apiscendoe,
2145 3372 2397 3436 probante
2421 3372 2627 3421 Colere.

505 3636 535 3665 ⁸*
567 3635 668 3686 An.
688 3638 767 3685 M.
810 3640 959 3688 3954.
1018 3637 1105 3687 01.
1132 3640 1243 3687 170.
1266 3642 1312 3687 1.
1367 3637 1495 3687 Urb.
1577 3638 1943 3702 manuscriptis
1975 3636 2240 3687 codicibus
2261 3633 2538 3690 Autronium
2567 3632 2634 3681 ab

440 3712 633 3761 (3.653.
656 3710 785 3761 Ant.
822 3712 917 3763 Ch.
940 3717 1021 3762 99.
1579 3710 1810 3775 Appian.
1851 3712 1996 3760 Plut.
2043 3717 2100 3759 et
2137 3709 2328 3759 Oresio
2366 3707 2434 3756 Δ.
2465 3707 2634 3755 Nona·-

506 3786 529 3819 1’
563 3787 628 3842 Q.
650 3787 919 3849 Metellum]
952 3786 1302 3837 Numidicum.
1575 3798 1664 3833 tis-.-
1697 3791 1812 3833 erat
1827 3784 1964 3832 enim
1987 3797 2116 3845 gens
2142 3784 2186 3833 N
2195 3784 2332 3831 omia
2353 3788 2462 3829 tum
2493 3780 2636 3829 nohi-

506 3865 529 3910 t
551 3859 651 3910 An.
675 3862 751 3911 M.
774 3865 917 3910 3953.
955 3860 1041 3910 01.
1067 3865 1179 3911 169.
1202 3866 1253 3912 4.
1286 3860 1416 3911 Urb.
1438 3861 1497 3911 C.
1577 3857 1658 3907 lis.
1704 3860 1788 3907 De
1805 3857 2031 3907 factione
2047 3857 2306 3907 Saturnini
2323 3862 2378 3904 et
2401 3855 2634 3904 Glauciae

443 3941 558 3985 652.
595 3935 719 3984 Ant.
741 3936 835 3985 ch.
862 3924 973 3984 106.
1421 3934 1423 3937 ’
1584 3933 1781 3996 egimus
1799 3933 1888 3984 lib.
1911 3944 2000 3979 m.
2018 3947 2062 3980 e.
2085 3936 2134 3981 2.
2160 3946 2211 3982 n.
2234 3936 2314 3981 18.

510 4016 533 4043 θ
564 4010 629 4059 Δ.
670 4010 922 4073 Nuntium]
955 4010 1151 4059 Mirum
1184 4015 1310 4074 quot
1344 4010 1504 4058 nomi·
1652 4016 1677 4065 t
1708 4007 1811 4057 An.
1846 4008 1924 4055 M.
1958 4010 2104 4055 395⁴.
2155 4005 2240 4055 ΟΙ.
2264 4010 2377 4057 170.
2412 4009 2460 4057 1.
2504 4005 2636 4056 Urb.

447 4082 598 4131 nibus
629 4084 716 4131 ille
738 4084 1031 4147 appelletur
1055 4099 1070 4133 ε
1106 4096 1136 4131 a
1160 4084 1307 4133 Livio
1326 4090 1381 4132 et
1401 4084 1503 4131 Va·
1590 4084 1652 4135 C.
1673 4089 1788 4135 653.
1842 4082 1970 4133 Ant.
1995 4081 2088 4131 Ch.
2112 4086 2194 4131 99.

446 4156 574 4206 ierio
593 4158 656 4207 A.
683 4159 927 4218 Numina,-
960 4173 991 4208 a
1028 4159 1183 4209 Floro
1206 4159 1421 4215 Anniam,-
1455 4159 1508 4206 in
