3144 4925
587 325 717 392 560
1210 341 1522 392 unnim
1572 341 1865 392 MAxnss
1916 343 2063 392 ms.
2094 343 2159 391 v.

1497 625 1705 691 CAP.
1749 625 1880 692 VI.

979 825 1111 892 DE
1163 823 1580 890 PIETATE
1623 808 1889 895 'ERGA
1937 769 2407 892 PATRiAM.

625 1011 658 1058 1
695 1007 756 1058 L.
779 1007 922 1060 Juuii
946 1009 1098 1058 Bruti
1127 1009 1282 1072 primi
1301 1010 1422 1060 Cos.
2059 1021 2466 1059 Exn-Eunonen.

631 1077 664 1122 2
697 1073 774 1122 M.
798 1073 964 1122 Curtii
989 1088 1107 1138 equ.
1133 1076 1279 1123 Rom.
1980 1121 1993 1134 ,
2112 1121 2125 1134 ,
2354 1121 2364 1130 ,
2462 1119 2474 1132 ,

627 1141 660 1186 3
694 1137 773 1186 Μ,
791 1137 1010 1187 Gemma
1035 1138 1152 1201 (3191
1177 1144 1330 1201 prm,
1773 1125 1800 1171 1
1838 1121 1995 1173 Codri
2020 1135 2153 1182 regns
2178 1119 2588 1169 Atheniensium.

627 1204 664 1249 4
694 1201 763 1252 ρ,
787 1201 903 1250 AEffi
928 1203 1066 1250 Paeti
1091 1204 1348 1264 mmmm,
1594 1205 1623 1248 ᾗ
1769 1191 1801 1236 2
1833 1186 2140 1250 Thrasybuli
2162 1185 2511 1234 Atheniensis.

627 1270 659 1312 5
695 1265 760 1314 Ρ,
781 1266 932 1314 Deest
953 1268 1019 1318 Q.
1040 1266 1100 1314 Ρ,
1127 1267 1244 1316 (303,
1766 1255 1799 1299 3
1832 1250 2197 1299 Themistoclis
2224 1247 2570 1298 Atheniensis.
2630 1307 2641 1314 ‚

627 1333 662 1377 6
693 1329 757 1377 Ρ,
779 1329 935 1378 Decii
955 1331 1020 1379 Ρ,
1039 1331 1097 1378 Ρ,
1123 1331 1244 1380 003,
1765 1319 1798 1363 4
1832 1315 2178 1364 Philaenorum
2201 1312 2441 1362 fratrum.

629 1394 660 1440 7
696 1393 761 1440 Ρ.
785 1393 1016 1442 Africani
1041 1395 1264 1458 majoris.
1515 1421 1530 1433 s
1766 1385 1796 1426 5
1835 1378 2133 1428 Αῐῖθῑθῖθῑῖὅ
2154 1378 2437 1442 ὃῑὸἔῑΐῖῖθ·

626 1459 661 1508 8
695 1455 897 1506 Civium
919 1454 1277 1509 Romanorum.

679 1601 1176 1670 Ancrissmis
1207 1603 1550 1688 sanguinis
1590 1602 1881 1668 vinculis
1912 1602 2135 1686 pietas
2182 1598 2543 1665 satisfecit:
2584 1604 2801 1666 restat

595 1723 772 1768 nunc
819 1711 893 1769 ut
938 1708 1179 1788 patriae
1223 1707 1639 1771 exhibeatur.
1730 1704 1943 1788 Cujus
1990 1703 2353 1787 majestati,
2403 1702 2603 1786 etiam
2650 1702 2797 1781 illa,

597 1825 752 1889 quae
805 1805 1102 1870 Deorum
1174 1807 1559 1870 numinibus
1619 1811 1943 1889 aequatur,
2016 1804 2385 1868 auctoritas
2428 1797 2813 1891 parentum.

597 1907 780 1970 vires
826 1925 988 1970 suas
1017 1907 1347 1990 subjecit:
1394 1908 1684 1971 fraterna
1715 1925 1985 1989 quoque
2032 1905 2281 1968 caritas
2328 1901 2829 1992 aequoznnjgiof

599 2025 688 2069 ao
712 2007 948 2070 libenti
974 2011 993 2040 ¹
1027 2009 1246 2087 cedit3
1291 2027 1550 2071 summa
1580 2007 1851 2090 quidem
1876 2026 2027 2070 cum
2044 2007 2319 2070 ratione.
2367 2003 2551 2082 Quia
2566 2025 2805 2100 eyersa

595 2104 824 2184 domo,
867 2108 1230 2172 intentatus
1249 2115 1275 2143 ²
1318 2108 1712 2191 reipublicae
1762 2114 1977 2173 status
2006 2127 2275 2200 manere
2305 2110 2569 2191 potest:
2612 2107 2800 2170 urbis

596 2208 812 2285 ruina,
843 2217 1119 2292 penates
1150 2211 1444 2274 omnium
1474 2211 1697 2275 trahat
1724 2229 1953 2274 secum
1974 2217 1995 2256 ³
2027 2227 2302 2272 necesse
2332 2213 2457 2297 est.
2504 2263 2513 2267 -
2542 2206 2800 2272 Verum

598 2308 757 2391 quid
788 2310 1032 2373 attinet
1061 2311 1290 2374 verbis
1337 2312 1471 2375 ista
1517 2311 1922 2394 complecti?
1968 2329 2250 2393 quorum
2278 2307 2493 2374 {tantu
2516 2309 2640 2373 vis‘
2670 2315 2802 2386 est,

598 2415 676 2473 ut
703 2409 918 2495 aliqui
945 2431 1028 2477 ea
1057 2413 1298 2477 salutis
1315 2419 1346 2461 4
1373 2433 1514 2478 suae
1545 2413 1890 2498 impendio
1922 2412 2163 2477 testati·
2185 2411 2342 2476 sint.
2482 2412 2489 2418 '

685 2513 748 2575 1.
795 2514 1044 2577 Brutus
1069 2517 1297 2579 consul
1320 2517 1577 2598 primus
1610 2536 1758 2579 cum
1789 2513 2045 2579 Arunte
2071 2513 2457 2597 Tarquinii⁵
2488 2512 2801 2593 Superbi,

597 2631 806 2695 regno
837 2615 1134 2697 expulsi,
1183 2616 1329 2679 filio
1359 2618 1424 2680 in
1473 2616 1623 2679 acie
1652 2617 1753 2679 ita
1790 2614 2023 2698 [equo]
2051 2614 2406 2691 concurrit,
2452 2622 2530 2676 ut
2556 2613 2803 2695 pariter

595 2712 809 2781 illatis
839 2716 1076 2795 hastiS,
1107 2725 1385 2802 uterque
1436 2719 1778 2782 mortifero
1800 2716 1827 2757 ⁶
1876 2717 2145 2781 vulnere
2172 2723 2199 2749 ⁸
2250 2715 2426 2779 ictus
2472 2714 2805 2791 exanimis

1509 2882 1871 2904 “mnu

665 2997 694 3045 1
729 2994 1032 3055 Complures
1057 2995 1213 3045 codd.
1231 3005 1284 3045 et
1307 2996 1430 3047 edd.
1455 3004 1578 3046 ante
1600 2996 1861 3059 Pighium,
1892 3011 1949 3045 ac
1969 2994 2283 3044 libentem—2
2318 2993 2334 3021 ‘
2355 2990 2442 3041 Ita
2476 2992 2693 3055 Pighius
2734 3007 2803 3041 ex

595 3058 900 3107 Cauchiano
922 3060 1210 3121 rescripsit.
1257 3060 1443 3110 Atreb.
1467 3068 1524 3110 et
1546 3060 1759 3110 Gembi.
1782 3061 2055 3109 intestatus.
2120 3059 2185 3107 In
2208 3057 2407 3106 duobus
2431 3056 2594 3119 Lipsii
2610 3057 2801 3105 veteri-

599 3121 700 3169 bus
719 3120 958 3171 interdum
971 3124 1208 3185 proprius,
1241 3123 1301 3187 (i.
1315 3140 1369 3173 e.
1391 3125 1612 3185 stabilis„
1629 3134 1915 3186 perpetuus
1936 3123 2321 3186 opponiturque
2340 3123 2412 3181 τῷ·
2430 3119 2615 3184 euersa)
2648 3126 2706 3171 et
2726 3120 2802 3171 sic

600 3198 806 3248 quoque
836 3186 1029 3247 legitur
1051 3188 1103 3234 in
1131 3187 1277 3235 Leid.
1321 3195 1446 3237 tert.
1483 3195 1539 3237 et
1578 3198 1749 3251 quart.
1781 3197 1837 3237 et
1865 3188 1989 3236 Vet.
2029 3186 2209 3237 Ceteri
2249 3186 2376 3234 Mss.
2409 3185 2711 3233 Torreniani
2750 3191 2806 3233 et

599 3248 794 3297 Brund.
831 3247 1089 3312 interdum,
1127 3251 1312 3300 omisso
1333 3253 1568 3315 proprius.
1628 3252 1829 3313 Lipsius
1853 3252 2000 3299 malit
2022 3252 2350 3310 internorum,
2372 3249 2653 3297 Torrenius
2677 3263 2801 3298 vero

599 3312 816 3374 conjicit
836 3312 1062 3363 intactus.
1130 3315 1260 3363 Mihi
1283 3315 1492 3365 videtur
1519 3317 1741 3379 proprius
1780 3330 1902 3365 vera
1938 3316 2094 3363 lectio
2132 3328 2266 3375 esse,
2293 3327 2445 3377 quam
2482 3314 2806 3374 explicarunt

597 3375 880 3437 intentatus,
902 3378 1036 3426 unde
1059 3384 1228 3426 ortum
1250 3380 1512 3436 interdum.
1543 3388 1602 3428 et
1624 3379 1835 3428 tandem
1860 3380 2099 3429 interdum
2114 3376 2370 3441 proprius?
2410 3376 2682 3439 Kapp.-s
2720 3376 2807 3427 lta

599 3450 636 3487 e
656 3448 763 3489 vet.
789 3440 906 3489 cod.
927 3441 1164 3505 Pighius,
1183 3457 1281 3492 nec
1299 3446 1455 3493 aliter
1475 3443 1670 3493 Brand.
1697 3449 1745 3492 1.
1768 3448 1817 3491 2.
1843 3450 1900 3492 et
1938 3457 2114 3491 omnes
2152 3443 2365 3490 Torren.
2408 3456 2525 3489 cum
2564 3441 2710 3503 Mog.
2752 3448 2810 3489 et

597 3502 816 3552 Medici.
841 3507 889 3552 3.
917 3510 1110 3568 penates
1130 3509 1305 3556 omneis
1335 3523 1492 3559 secum
1522 3508 1688 3557 trahat
1716 3506 1873 3556 Aidd.
1910 3507 2076 3555 Colin.
2101 3505 2303 3569 Gryph.
2328 3513 2381 3553 et
2404 3505 2683 3566 steph—4
2716 3505 2804 3553 Sic

600 3566 814 3629 Pighius
835 3582 900 3615 ex
923 3570 1116 3621 Cauch.
1138 3578 1194 3619 et
1213 3572 1328 3620 aliis
1352 3573 1506 3623 codd.
1527 3588 1585 3621 ea
1601 3571 1851 3621 omittunt
1870 3570 1988 3619 Vct.
2012 3571 2155 3631 Mog.
2179 3570 2391 3618 Venett.
2413 3568 2631 3618 Mediol.
2648 3567 2809 3617 Aldd.

604 3630 778 3682 Colin.
809 3632 1014 3697 Gryph.
1049 3634 1232 3698 Steph.
1270 3638 1369 3686 ecc.
1402 3642 1456 3685 ut
1477 3638 1571 3685 alio
1591 3636 1758 3685 salutis
1780 3633 2021 3683 undecim
2044 3633 2200 3684 codd.
2222 3635 2437 3682 Tor-ren.
2460 3646 2579 3681 cum
2604 3632 2722 3681 Vei.
2752 3640 2811 3682 et

600 3692 846 3757 Mega—5
882 3696 1186 3747 Perizonius
1210 3700 1359 3749 malit
1385 3700 1663 3763 Tarquinio.
1709 3700 1836 3747 Mox
1860 3700 2006 3747 multi
2032 3698 2184 3747 codd.
2199 3698 2252 3746 in
2272 3698 2420 3745 aciem
2437 3697 2509 3745 ita
2530 3697 2770 3746 coneum-it
2786 3714 2807 3755 ‚-

603 3758 928 3809 desideratur
949 3776 1064 3825 equo
1085 3764 1242 3811 etiam
1265 3764 1316 3821 in
1337 3769 1474 3826 optt.
1495 3763 1649 3813 codd.
1671 3765 1888 3812 Tor-reu.
1912 3769 1970 3811 et
1989 3762 2113 3811 Vet.
2134 3762 2279 3825 Mog.
2306 3767 2361 3809 et
2376 3761 2592 3817 Medici.
2612 3764 2661 3810 8.
2686 3760 2807 3811 ideo

599 3822 748 3871 uncis
771 3824 978 3873 inclusit
999 3826 1352 3889 Kappius.—6
1389 3828 1607 3890 Pighius
1630 3842 1659 3875 e
1684 3834 1905 3892 quatuor
1938 3826 2094 3875 codd.
2132 3824 2383 3890 mortifico,
2422 3825 2557 3889 quod
2592 3838 2805 3888 recepe·

601 3894 726 3937 runt
749 3889 921 3938 Coler.
940 3890 1093 3955 Thyn.
1114 3898 1171 3940 et
1204 3891 1391 3953 Deiph.
1431 3892 1571 3941 idem
1611 3891 1808 3941 habent
1846 3905 1977 3940 unus
2016 3890 2255 3941 Perizon.
2274 3888 2436 3939 Barb.
2457 3894 2509 3940 2.
2538 3889 2737 3940 Medic.
2757 3895 2806 3940 1.

1593 4018 1809 4070 Nom-3

666 4128 694 4155 ⁸
727 4124 936 4189 Uterque
973 4130 1220 4189 mortifero
1261 4133 1472 4199 walnen]
1513 4135 1746 4186 Mortem
1766 4136 1920 4187 Bruti
1941 4132 2311 4199 descripsimus
2344 4132 2436 4184 lib.
2470 4138 2514 4187 ι’.
2538 4146 2583 4185 c.
2602 4136 2652 4183 ⁴.
2675 4147 2728 4184 n.
2752 4138 2803 4186 ⁶.
