3144 4925
563 356 696 421 704
1149 370 1456 440 vanum
1510 370 1803 420 Maxim
1855 372 1997 419 mn.
2052 370 2182 417 vn.

651 520 717 590 5.
765 514 1227 579 Memorabilis
1253 514 1456 580 etiam
1497 512 1757 578 consilii
1788 509 1878 591 Q.
1912 512 2283 577 Metellus.¹¹
2352 510 2492 590 Qui
2510 518 2566 562 ²⁹
2608 532 2762 577 cum

565 618 970 705 proconsule
1001 616 1246 681 bellum
1277 616 1348 678 in
1381 615 1725 698 Hispania
1748 614 2071 679 adversus
2089 605 2461 677 Celtiberos
2491 622 2762 695 gereret,

566 721 927 803 urbemque
958 717 1406 794 Contrebiam,
1435 722 1643 799 caput
1664 715 1813 799 ejus
1842 716 2081 796 gentiS,
2099 714 2351 778 viribus
2380 734 2765 798 expugnare

567 842 700 886 non
754 826 1016 905 posset,
1063 820 1236 882 intra
1263 824 1502 901 pectus
1554 835 1747 880 suum
1779 815 1894 879 diu
1924 816 2337 898 multumque
2354 823 2405 861 ³0
2454 818 2765 881 consiliis

569 924 866 1005 agitatiS,
917 922 1096 985 viam
1146 920 1414 1003 reperit,
1462 938 1595 1003 qua
1622 919 2055 1002 propositum
2104 917 2189 981 ad
2230 918 2484 983 exitum
2531 918 2768 1001 pei-due

569 1030 760 1089 ceret.
850 1023 1101 1088 Itinera
1151 1041 1393 1103 magno
1438 1022 1695 1103 impetu
1740 1020 2271 1101 ingrediebatur:
2318 1019 2555 1082 deinde
2594 1019 2767 1083 alias

565 1131 766 1209 atque
797 1124 966 1188 alias
994 1123 1300 1201 regiones
1330 1122 1626 1206 petebat.
1694 1120 1913 1185 Modo
1937 1128 1989 1215 ,³²
2030 1120 2159 1184 hos
2182 1120 2547 1186 obsidebat
2576 1140 2768 1185 mon-

565 1234 710 1290 tes:
759 1224 960 1308 paulo
989 1228 1145 1307 post
1171 1222 1256 1287 ad
1288 1223 1438 1287 illos
1456 1221 2108 1305 transgrediebatur3
2152 1242 2308 1286 cum
2338 1222 2599 1286 interim
2626 1228 2767 1288 tam

567 1328 714 1392 suis
758 1326 1091 1402 omnibus,
1133 1344 1336 1407 quam
1381 1324 1557 1406 ipsis
1596 1323 1908 1388 hostibus
1938 1326 2169 1405 ignota
2212 1329 2356 1387 erat
2384 1334 2593 1389 causa
2622 1326 2767 1389 ino·-

566 1428 822 1511 pinatae
852 1424 997 1509 ejus
1009 1432 1062 1472 ³²
1107 1444 1186 1492 ac
1229 1423 1472 1489 subitae
1517 1424 2001 1489 fluctuationis,
2092 1424 2551 1507 Interrogatus
2600 1446 2767 1510 quo-2

566 1548 698 1611 que
752 1548 795 1592 a
847 1526 1140 1610 quodam
1193 1527 1601 1591 amicissimo
1620 1534 1670 1573 ³³
1742 1526 1897 1602 sibi,
1942 1530 1963 1561 ‘
1988 1526 2149 1610 quid
2198 1526 2296 1591 ita
2344 1546 2651 1611 sparsum
2700 1534 2769 1593 et
2808 1512 2813 1521 ¹

569 1632 893 1695 incertum
950 1629 1212 1695 militiae
1264 1647 1478 1712 genus
1534 1636 1925 1711 sequeretur
1948 1628 1988 1693 :’
2052 1634 2072 1663 ‘
2096 1626 2421 1704 Absiste,'
2464 1630 2769 1712 inquit,³⁴

573 1731 799 1801 fistud
831 1750 1167 1816 quaerere3
1211 1750 1362 1794 nam
1393 1733 1452 1795 si
1480 1730 1683 1813 hujus
1712 1730 1981 1793 consilii
2009 1731 2141 1793 mei
2173 1731 2559 1795 interiorem
2590 1732 2768 1795 tnui-

571 1850 722 1900 cam
775 1834 1118 1897 consciam
1175 1849 1480 1909 sensere,
1553 1831 1877 1895 continuo
1926 1851 2079 1897 eam
2134 1833 2411 1895 cremari
2444 1831 2771 1916 ·jubebo.'

573 1930 916 2009 Quorsum
945 1934 1142 2015 igitur
1189 1932 1326 1997 ista
1367 1931 1820 1995 dissimulatio
1848 1934 2067 2015 erupit
2088 1934 2119 1996 ‘l
2166 1940 2289 1997 aut
2334 1952 2533 2015 quem
2562 1932 2767 1997 finem

570 2032 852 2103 habuit?
898 2034 1266 2117 Postquam
1307 2050 1466 2100 vero
1493 2038 1544 2077 ³⁵
1588 2038 1659 2095 et
1704 2033 2081 2101 exercitum
2128 2052 2326 2097 suum
2366 2034 2767 2117 ignorantia,

1487 2196 1850 2219 ”OOOOOOOOOO

568 2309 836 2373 prudentia.
881 2308 1027 2362 Leid.
1055 2312 1103 2359 1.
1125 2308 1286 2358 habet
1305 2309 1464 2359 clama
1487 2326 1583 2375 pro
1604 2312 1881 2362 elnam-*29
1918 2310 2015 2367 Qui
2038 2310 2187 2359 deest
2210 2310 2261 2359 in
2286 2310 2475 2373 Ultraj.
2503 2315 2549 2359 1.
2568 2325 2766 2373 procon-

571 2376 646 2423 sul
684 2373 879 2423 habeut
918 2373 1114 2437 aliquot
1149 2374 1450 2423 Torreniani
1489 2390 1606 2424 eum
1645 2390 1744 2424 uuo
1783 2377 1978 2424 Braud.
2014 2375 2067 2423 in
2108 2375 2387 2437 Hispaniam
2410 2375 2544 2423 alter
2565 2376 2762 2423 Brund.

572 2440 702 2488 Mox
740 2437 956 2489 Trebiam
979 2452 1071 2502 pro
1101 2438 1402 2488 Contrebiam
1426 2439 1477 2487 in
1500 2440 1809 2504 quibusdam
1834 2439 1983 2490 codd.
2015 2447 2070 2490 et
2096 2440 2247 2502 paulo
2272 2446 2392 2502 post
2412 2439 2595 2489 viribus
2615 2440 2765 2490 deest

570 2503 624 2552 in
656 2509 876 2566 utroque
917 2501 1246 2552 Media—30
1281 2503 1437 2552 Multi
1469 2504 1622 2554 codd.
1648 2507 1731 2555 diu
1754 2522 1809 2554 ac
1829 2506 2043 2566 multum,
2067 2503 2147 2552 vel
2180 2505 2376 2552 multum
2395 2520 2451 2552 ac
2471 2504 2571 2553 diu.
2634 2505 2766 2553 Mox

578 2567 688 2616 Bit.
710 2567 860 2630 prim.
879 2569 1182 2630 produceret.-
1217 2566 1362 2616 Leid.
1384 2568 1536 2629 prim.
1559 2571 1838 2618 deduceret:
1869 2570 2013 2618 Med.
2035 2569 2186 2632 prim.
2206 2569 2497 2630 propositum
2508 2567 2733 2632 perficere
2749 2585 2767 2619 .·

565 2631 731 2680 Barb.
805 2630 918 2680 rim.
967 2631 1150 2680 Itinera
1182 2627 1695 2691 aggrediebam—e'l
1731 2632 1795 2682 Iu
1832 2643 1954 2682 octo
1991 2633 2140 2681 codd.
2173 2633 2386 2680 Torren.
2411 2641 2466 2680 et
2501 2632 2767 2696 plerisque

570 2694 726 2744 editis
792 2702 903 2743 eest
935 2696 1096 2743 Modo.
1162 2695 1268 2744 Sed
1293 2703 1469 2744 servat
1498 2696 1599 2744 Ed.
1641 2698 1781 2760 Mog.
1808 2704 1861 2745 et
1883 2696 2099 2745 Mediol.
2132 2711 2247 2744 cum
2278 2694 2429 2746 Leid.
2472 2697 2635 2760 quint.
2672 2697 2768 2745 Ul-

572 2759 692 2823 traj.
716 2772 822 2806 sec.
850 2759 962 2807 Bit.
985 2773 1045 2806 ac
1073 2759 1230 2808 Barb.
1249 2759 1398 2821 prim.
1424 2766 1543 2809 sunt
1563 2759 1742 2822 etiarn,
1768 2762 1856 2826 qui
1875 2760 2093 2824 habent,
2108 2762 2245 2821 paulo
2260 2765 2367 2822 post
2384 2761 2446 2808 ud
2466 2757 2587 2808 alios
2606 2766 2767 2809 trans-

565 2822 906 2883 gradiebatur,-
942 2828 999 2871 ut
1036 2829 1120 2870 est
1163 2824 1214 2871 in
1254 2823 1396 2885 Meg.
1430 2831 1485 2873 et
1513 2825 1865 2874 medioL-aa
1895 2824 2017 2874 Vox
2060 2825 2176 2885 qius,
2198 2823 2333 2889 quod
2369 2837 2471 2872 non
2505 2824 2654 2872 vaide
2678 2825 2769 2872 de·
2862 2819 2867 2824 ’

569 2885 788 2947 siderea,
819 2886 969 2935 abest
993 2901 1022 2934 a
1059 2887 1206 2936 Med.
1243 2889 1393 2949 prim.
1427 2889 1560 2949 Cep.
1590 2896 1647 2937 et
1672 2888 1816 2938 Leid.
1856 2889 2020 2953 quint.
2088 2889 2152 2937 In
2176 2887 2353 2937 eadem
2379 2887 2592 2952 periodo
2618 2887 2765 2939 Leid.

571 2964 674 3000 sec.
692 2956 749 3000 et
767 2958 902 3000 sext.
921 2956 1018 2999 tam
1037 2951 1140 2998 suis
1153 2950 1378 3007 omnibus,
1401 2967 1538 3015 quam
1557 2953 1661 3000 suis
1682 2953 2039 3002 hostibus—33
2072 2955 2193 3002 Vet.
2232 2954 2646 3015 Interrogatusque
2668 2967 2701 3000 a
2714 2969 2767 3016 q.

569 3015 1006 3064 meinana—³4
1030 3014 1046 3043 ‘
1060 3015 1294 3078 Uterque
1312 3017 1460 3064 Med.
1477 3015 1701 3077 Abstine,
1711 3017 1893 3078 inquit,·
1920 3029 2071 3078 porro
2089 3011 2523 3079 complures'istud
2538 3030 2767 3078 qureret-e,

570 3084 632 3127 ut
673 3077 929 3128 edebatur
971 3084 1094 3126 ante
1127 3079 1388 3140 Pigiiium,
1426 3088 1482 3129 et
1507 3081 1689 3129 melius
1724 3095 1875 3129 uuam
1902 3095 2007 3130 rem
2043 3079 2296 3142 quaerenti
2332 3080 2591 3129 convenii.
2658 3080 2765 3128 Sed

569 3141 694 3190 nihil
718 3143 814 3190 hoc
833 3149 947 3190 erat
971 3155 1200 3202 necesse,
1224 3143 1444 3192 aiterum
1467 3144 1603 3192 euim
1629 3159 1775 3208 aeque
1796 3145 1983 3192 bonum
2006 3145 2119 3194 est!
2156 3145 2347 3193 Tor-ren.
2411 3144 2627 3205 Pighius
2650 3144 2765 3193 alii-

569 3219 670 3268 que
689 3203 801 3252 istu.
866 3207 995 3253 Mox
1019 3207 1248 3254 consciam
1265 3222 1365 3255 esse
1391 3222 1577 3256 sensero
1596 3209 1740 3256 multi
1764 3207 1913 3257 codd.
1938 3223 2054 3256 curn
2080 3209 2202 3257 Vet.
2226 3209 2370 3270 Mog.
2393 3215 2450 3256 et
2474 3209 2689 3258 Medici.
2714 3213 2762 3256 3.

567 3271 696 3316 -85
730 3270 746 3296 ‘
773 3267 918 3316 Med.
954 3270 1106 3330 prim.
1133 3269 1275 3317 delet
1295 3285 1400 3317 vero
1417 3287 1438 3328 ,·
1471 3278 1528 3318 ut
1553 3271 1623 3318 sit
1655 3271 1922 3334 responsio
1957 3270 2023 3320 ad
2060 3274 2371 3336 propositam
2409 3272 2763 3335 quaestiouem.

568 3331 724 3384 Haud
753 3329 986 3394 profecto
1007 3330 1245 3382 absurde.
1310 3333 1497 3398 Ultraj.
1523 3348 1629 3384 sec.
1651 3349 1765 3384 vere
1782 3353 1799 3386 .·
1838 3351 1901 3384 an
1924 3336 2133 3400 scripsit
2153 3333 2296 3386 veri?
2330 3344 2387 3385 ut
2412 3338 2497 3399 sit,
2516 3342 2764 3400 postquam

1561 3483 1610 3532 N
1620 3483 1775 3534 OTAE

631 3600 667 3628 ¹²
699 3591 1021 3646 Hannibalem
1063 3593 1270 3657 Neroni]
1321 3592 1548 3644 Neronis
1590 3608 1621 3644 e
1767 3596 1798 3626 *¹
1821 3596 1921 3648 Au.
1944 3597 2021 3647 M.
2046 3601 2195 3648 3847.
2228 3598 2316 3648 01.
2342 3601 2452 3647 143.
2477 3603 2526 3648 2.
2556 3597 2683 3648 Urb.
2702 3599 2764 3652 C.

562 3671 744 3722 castris
767 3672 1065 3735 discessum,
1103 3671 1379 3736 fratrisque
1401 3681 1622 3722 mortem
1702 3675 1817 3721 646.
1856 3673 1974 3721 Ant.
1998 3673 2090 3722 Cb.
2110 3677 2225 3723 206.
2456 3693 2461 3700 ·

563 3762 664 3801 nou
688 3747 830 3811 prius
862 3747 1029 3797 audiit
1066 3747 1350 3809 Hannibal,
1383 3762 1534 3810 quam
1569 3748 1621 3796 in
1768 3753 1793 3780 ¹²
1842 3748 1905 3803 Q.
1949 3748 2197 3810 Metellus]
2252 3748 2643 3812 Macedonicus,
2695 3765 2763 3799 ex

563 3825 737 3872 castra
771 3821 927 3872 rediit
964 3823 1135 3873 Nero:
1174 3829 1282 3872 tum
1321 3825 1454 3872 enim
1491 3823 1623 3872 Has·
1702 3822 1855 3871 Floro
1888 3831 1945 3872 et
1974 3823 2185 3872 Aurelio
2216 3823 2464 3885 Victore3
2488 3839 2600 3874 mon
2646 3827 2761 3874 Me·

563 3895 792 3946 drubalis
812 3904 972 3962 caput
995 3905 1114 3947 ante
1149 3899 1398 3948 stationes
1439 3900 1625 3948 Poeno·
1702 3899 1858 3946 telius
1882 3897 2029 3961 Pius,
2048 3907 2106 3948 ut
2128 3899 2361 3948 indicare
2380 3901 2585 3950 videtur
2604 3901 2762 3950 Fron·

562 3985 675 4022 rum
719 3973 1010 4037 projectum
1053 3982 1172 4035 est3
1221 3981 1276 4024 et
1313 3989 1342 4022 a
1384 3974 1624 4038 captivis,
1702 3973 1877 4022 tinus:
1915 3989 2013 4024 nee
2052 3975 2188 4028 euim
2229 3975 2280 4025 in
2322 3975 2613 4026 Celtiberos
2653 3978 2763 4041 iiie,

562 4050 692 4110 quos
716 4047 858 4098 Nero
881 4048 1164 4113 dimiserat,
1199 4049 1507 4110 admonitus,
1542 4065 1623 4100 re·
1700 4048 1791 4097 sed
1823 4049 1873 4097 in
1898 4051 2168 4102 Lusitanos
2189 4045 2545 4102 et'Sertorium
2568 4052 2760 4122 bellum

565 4135 678 4169 rum
702 4122 1193 4186 Carthaginiensium
1219 4126 1619 4177 vicissitudinem
1700 4124 1876 4188 gessit·

564 4207 843 4259 agnoscere
865 4211 920 4246 se
940 4199 1092 4251 dixit.
1528 4208 1533 4212 ’
