<?xml version="1.0" encoding="UTF-8"?>
<!DOCTYPE html PUBLIC "-//W3C//DTD XHTML 1.0 Transitional//EN"
    "http://www.w3.org/TR/xhtml1/DTD/xhtml1-transitional.dtd">
<html xmlns="http://www.w3.org/1999/xhtml" xml:lang="en" lang="en">
 <head>
  <title>
</title>
<meta http-equiv="Content-Type" content="text/html;charset=utf-8" />
  <meta name='ocr-system' content='tesseract 3.04.00' />
  <meta name='ocr-capabilities' content='ocr_page ocr_carea ocr_par ocr_line ocrx_word'/>
</head>
<body>
  <div class='ocr_page' id='page_1' title='image "./valeriimaximifa02maxigoog_0255.png"; bbox 0 0 3144 4925; ppageno 0'>
   <div class='ocr_carea' id='block_1_1' title="bbox 1099 390 2615 456">
    <p class='ocr_par' dir='ltr' id='par_1_1' title="bbox 1099 390 2615 456">
     <span class='ocr_line' id='line_1_1' title="bbox 1099 390 2615 456; baseline 0 -1"><span class='ocrx_word' id='word_1_1' title='bbox 1099 407 1258 456; x_wconf 65' lang='lat' dir='ltr'>cu.</span> <span class='ocrx_word' id='word_1_2' title='bbox 1294 407 1363 455; x_wconf 80' lang='grc' dir='ltr'><strong>ν.</strong></span> <span class='ocrx_word' id='word_1_3' title='bbox 1411 406 1510 454; x_wconf 77' lang='lat' dir='ltr'>nn</span> <span class='ocrx_word' id='word_1_4' title='bbox 1558 402 1969 455; x_wconf 62' lang='lat' dir='ltr'>unrunsm:</span> <span class='ocrx_word' id='word_1_5' title='bbox 2484 390 2615 455; x_wconf 84' lang='lat'>&#39;709</span> 
     </span>
    </p>
   </div>
   <div class='ocr_carea' id='block_1_2' title="bbox 425 540 2633 2553">
    <p class='ocr_par' dir='ltr' id='par_1_2' title="bbox 425 540 2633 2553">
     <span class='ocr_line' id='line_1_2' title="bbox 427 540 2611 627; baseline 0 -19"><span class='ocrx_word' id='word_1_6' title='bbox 427 543 599 608; x_wconf 85' lang='lat' dir='ltr'>trem</span> <span class='ocrx_word' id='word_1_7' title='bbox 625 540 886 607; x_wconf 83' lang='lat' dir='ltr'>Idaearu</span> <span class='ocrx_word' id='word_1_8' title='bbox 929 562 968 605; x_wconf 90' lang='lat' dir='ltr'>e</span> <span class='ocrx_word' id='word_1_9' title='bbox 1011 541 1324 627; x_wconf 83' lang='lat' dir='ltr'>Phrygiis</span> <span class='ocrx_word' id='word_1_10' title='bbox 1351 542 1625 608; x_wconf 87' lang='lat' dir='ltr'>sedibus</span> <span class='ocrx_word' id='word_1_11' title='bbox 1654 543 1741 607; x_wconf 87' lang='lat' dir='ltr'>ad</span> <span class='ocrx_word' id='word_1_12' title='bbox 1768 548 2037 608; x_wconf 85' lang='lat' dir='ltr'>nostras</span> <span class='ocrx_word' id='word_1_13' title='bbox 2084 556 2235 606; x_wconf 83' lang='lat' dir='ltr'>aras</span> <span class='ocrx_word' id='word_1_14' title='bbox 2278 542 2611 627; x_wconf 79' lang='lat' dir='ltr'><strong>focosque</strong></span> 
     </span>
     <span class='ocr_line' id='line_1_3' title="bbox 425 640 2620 727; baseline 0.001 -20"><span class='ocrx_word' id='word_1_15' title='bbox 425 645 818 727; x_wconf 82' lang='lat' dir='ltr'>migrantem</span> <span class='ocrx_word' id='word_1_16' title='bbox 875 643 1321 709; x_wconf 80' lang='lat' dir='ltr'><strong>sanctissimis</strong></span> <span class='ocrx_word' id='word_1_17' title='bbox 1378 646 1685 709; x_wconf 88' lang='lat' dir='ltr'>manibus</span> <span class='ocrx_word' id='word_1_18' title='bbox 1736 646 2005 727; x_wconf 83' lang='lat' dir='ltr'>excepit</span> <span class='ocrx_word' id='word_1_19' title='bbox 2029 664 2047 724; x_wconf 84' lang='lat'>3</span> <span class='ocrx_word' id='word_1_20' title='bbox 2100 644 2219 727; x_wconf 90' lang='lat' dir='ltr'>qui</span> <span class='ocrx_word' id='word_1_21' title='bbox 2262 645 2509 709; x_wconf 88' lang='lat' dir='ltr'>multas</span> <span class='ocrx_word' id='word_1_22' title='bbox 2552 640 2620 709; x_wconf 79' lang='lat' dir='ltr'>et</span> 
     </span>
     <span class='ocr_line' id='line_1_4' title="bbox 429 745 2619 829; baseline 0 -19"><span class='ocrx_word' id='word_1_23' title='bbox 429 745 780 828; x_wconf 83' lang='lat' dir='ltr'>pestiferas</span> <span class='ocrx_word' id='word_1_24' title='bbox 799 746 1166 816; x_wconf 78' lang='lat' dir='ltr'>seditiones</span> <span class='ocrx_word' id='word_1_25' title='bbox 1185 747 1611 811; x_wconf 80' lang='lat' dir='ltr'>auctoritatis</span> <span class='ocrx_word' id='word_1_26' title='bbox 1642 764 1784 811; x_wconf 80' lang='lat' dir='ltr'>suae</span> <span class='ocrx_word' id='word_1_27' title='bbox 1808 746 2047 811; x_wconf 88' lang='lat' dir='ltr'>robore</span> <span class='ocrx_word' id='word_1_28' title='bbox 2075 747 2406 828; x_wconf 88' lang='lat' dir='ltr'>oppressit</span> <span class='ocrx_word' id='word_1_29' title='bbox 2428 766 2447 826; x_wconf 80' lang='lat'><em>3</em></span> <span class='ocrx_word' id='word_1_30' title='bbox 2478 764 2619 829; x_wconf 92' lang='lat' dir='ltr'>quo</span> 
     </span>
     <span class='ocr_line' id='line_1_5' title="bbox 429 846 2619 931; baseline 0 -20"><span class='ocrx_word' id='word_1_31' title='bbox 429 848 734 930; x_wconf 81' lang='lat' dir='ltr'>principe</span> <span class='ocrx_word' id='word_1_32' title='bbox 762 854 1032 911; x_wconf 87' lang='lat' dir='ltr'>senatus</span> <span class='ocrx_word' id='word_1_33' title='bbox 1062 865 1186 929; x_wconf 89' lang='lat' dir='ltr'>per</span> <span class='ocrx_word' id='word_1_34' title='bbox 1217 848 1478 931; x_wconf 84' lang='lat' dir='ltr'>aliquot</span> <span class='ocrx_word' id='word_1_35' title='bbox 1505 866 1720 911; x_wconf 85' lang='lat' dir='ltr'>annos</span> <span class='ocrx_word' id='word_1_36' title='bbox 1750 848 2069 931; x_wconf 83' lang='lat' dir='ltr'>gloriatus</span> <span class='ocrx_word' id='word_1_37' title='bbox 2098 853 2240 926; x_wconf 85' lang='lat' dir='ltr'>est3</span> <span class='ocrx_word' id='word_1_38' title='bbox 2273 866 2426 911; x_wconf 91' lang='lat' dir='ltr'>cum</span> <span class='ocrx_word' id='word_1_39' title='bbox 2455 846 2619 912; x_wconf 82' lang='lat' dir='ltr'>aedi-</span> 
     </span>
     <span class='ocr_line' id='line_1_6' title="bbox 429 948 2618 1032; baseline 0.001 -21"><span class='ocrx_word' id='word_1_40' title='bbox 429 948 686 1013; x_wconf 87' lang='lat' dir='ltr'>litatem</span> <span class='ocrx_word' id='word_1_41' title='bbox 715 949 1008 1013; x_wconf 88' lang='lat' dir='ltr'>curulem</span> <span class='ocrx_word' id='word_1_42' title='bbox 1050 948 1445 1013; x_wconf 79' lang='lat' dir='ltr'>adolescens</span> <span class='ocrx_word' id='word_1_43' title='bbox 1494 953 1775 1031; x_wconf 85' lang='lat' dir='ltr'>peteret,</span> <span class='ocrx_word' id='word_1_44' title='bbox 1817 956 2217 1032; x_wconf 84' lang='lat' dir='ltr'>manumque</span> <span class='ocrx_word' id='word_1_45' title='bbox 2264 948 2618 1031; x_wconf 87' lang='lat' dir='ltr'>cujusdam</span> 
     </span>
     <span class='ocr_line' id='line_1_7' title="bbox 434 1050 2621 1133; baseline -0.001 -18"><span class='ocrx_word' id='word_1_46' title='bbox 434 1052 690 1115; x_wconf 87' lang='lat' dir='ltr'>rustico</span> <span class='ocrx_word' id='word_1_47' title='bbox 719 1069 918 1133; x_wconf 90' lang='lat' dir='ltr'>opere</span> <span class='ocrx_word' id='word_1_48' title='bbox 950 1050 1258 1115; x_wconf 81' lang='lat' dir='ltr'>duratam</span> <span class='ocrx_word' id='word_1_49' title='bbox 1298 1068 1484 1114; x_wconf 89' lang='lat' dir='ltr'>more</span> <span class='ocrx_word' id='word_1_50' title='bbox 1517 1050 2017 1115; x_wconf 87' lang='lat' dir='ltr'>candidatorum</span> <span class='ocrx_word' id='word_1_51' title='bbox 2046 1050 2347 1114; x_wconf 83' lang='lat' dir='ltr'>tenacius</span> <span class='ocrx_word' id='word_1_52' title='bbox 2379 1068 2621 1133; x_wconf 88' lang='lat' dir='ltr'>appre-</span> 
     </span>
     <span class='ocr_line' id='line_1_8' title="bbox 432 1147 2625 1233; baseline 0.001 -19"><span class='ocrx_word' id='word_1_53' title='bbox 432 1147 801 1227; x_wconf 86' lang='lat' dir='ltr'>hendisset,</span> <span class='ocrx_word' id='word_1_54' title='bbox 820 1150 964 1233; x_wconf 85' lang='lat' dir='ltr'>joci</span> <span class='ocrx_word' id='word_1_55' title='bbox 994 1152 1206 1233; x_wconf 86' lang='lat' dir='ltr'>gratia</span> <span class='ocrx_word' id='word_1_56' title='bbox 1231 1152 1659 1233; x_wconf 83' lang='lat' dir='ltr'>interrogavit</span> <span class='ocrx_word' id='word_1_57' title='bbox 1686 1170 1864 1228; x_wconf 90' lang='lat' dir='ltr'>eum,</span> <span class='ocrx_word' id='word_1_58' title='bbox 1897 1156 1918 1187; x_wconf 88' lang='lat'>‘</span> <span class='ocrx_word' id='word_1_59' title='bbox 1936 1170 2097 1215; x_wconf 90' lang='lat' dir='ltr'>num</span> <span class='ocrx_word' id='word_1_60' title='bbox 2124 1151 2433 1215; x_wconf 84' lang='lat' dir='ltr'>manibus</span> <span class='ocrx_word' id='word_1_61' title='bbox 2462 1151 2625 1217; x_wconf 90' lang='lat' dir='ltr'>soli-</span> 
     </span>
     <span class='ocr_line' id='line_1_9' title="bbox 436 1248 2623 1331; baseline -0 -15"><span class='ocrx_word' id='word_1_62' title='bbox 436 1259 550 1319; x_wconf 87' lang='lat' dir='ltr'>tus</span> <span class='ocrx_word' id='word_1_63' title='bbox 582 1248 770 1316; x_wconf 84' lang='lat' dir='ltr'>esset</span> <span class='ocrx_word' id='word_1_64' title='bbox 798 1251 1182 1317; x_wconf 88' lang='lat' dir='ltr'>ambulare.&#39;</span> <span class='ocrx_word' id='word_1_65' title='bbox 1269 1252 1474 1331; x_wconf 85' lang='lat' dir='ltr'>Quod</span> <span class='ocrx_word' id='word_1_66' title='bbox 1513 1254 1772 1320; x_wconf 88' lang='lat' dir='ltr'>dictum</span> <span class='ocrx_word' id='word_1_67' title='bbox 1804 1273 1847 1317; x_wconf 92' lang='lat' dir='ltr'>a</span> <span class='ocrx_word' id='word_1_68' title='bbox 1876 1253 2461 1320; x_wconf 85' lang='lat' dir='ltr'>circumstantibus</span> <span class='ocrx_word' id='word_1_69' title='bbox 2502 1270 2623 1315; x_wconf 82' lang='lat' dir='ltr'>ex·-</span> 
     </span>
     <span class='ocr_line' id='line_1_10' title="bbox 439 1353 2623 1439; baseline -0 -21"><span class='ocrx_word' id='word_1_70' title='bbox 439 1360 734 1437; x_wconf 81' lang='lat' dir='ltr'>ceptum,</span> <span class='ocrx_word' id='word_1_71' title='bbox 757 1354 847 1417; x_wconf 89' lang='lat' dir='ltr'>ad</span> <span class='ocrx_word' id='word_1_72' title='bbox 873 1354 1199 1438; x_wconf 89' lang='lat' dir='ltr'>populum</span> <span class='ocrx_word' id='word_1_73' title='bbox 1216 1355 1534 1431; x_wconf 84' lang='lat' dir='ltr'>manavit,</span> <span class='ocrx_word' id='word_1_74' title='bbox 1563 1354 1971 1439; x_wconf 84' lang='lat' dir='ltr'>causamque</span> <span class='ocrx_word' id='word_1_75' title='bbox 1999 1355 2284 1437; x_wconf 81' lang='lat' dir='ltr'>repulsae</span> <span class='ocrx_word' id='word_1_76' title='bbox 2313 1353 2623 1437; x_wconf 88' lang='lat' dir='ltr'>Scipioni</span> 
     </span>
     <span class='ocr_line' id='line_1_11' title="bbox 443 1455 2625 1540; baseline 0 -19"><span class='ocrx_word' id='word_1_77' title='bbox 443 1456 696 1521; x_wconf 86' lang='lat' dir='ltr'>attulit.</span> <span class='ocrx_word' id='word_1_78' title='bbox 785 1455 1037 1520; x_wconf 86' lang='lat' dir='ltr'>Omnes</span> <span class='ocrx_word' id='word_1_79' title='bbox 1067 1475 1354 1540; x_wconf 88' lang='lat' dir='ltr'>namque</span> <span class='ocrx_word' id='word_1_80' title='bbox 1391 1458 1659 1522; x_wconf 80' lang='lat' dir='ltr'>rusticae</span> <span class='ocrx_word' id='word_1_81' title='bbox 1693 1458 1907 1522; x_wconf 84' lang='lat' dir='ltr'>tribus</span> <span class='ocrx_word' id='word_1_82' title='bbox 1926 1464 1951 1493; x_wconf 80' lang='lat'>⁸</span> <span class='ocrx_word' id='word_1_83' title='bbox 1979 1462 2443 1540; x_wconf 79' lang='lat' dir='ltr'>paupertatem</span> <span class='ocrx_word' id='word_1_84' title='bbox 2491 1458 2625 1523; x_wconf 89' lang='lat' dir='ltr'>sibi</span> 
     </span>
     <span class='ocr_line' id='line_1_12' title="bbox 443 1557 2626 1641; baseline 0 -20"><span class='ocrx_word' id='word_1_85' title='bbox 443 1558 529 1621; x_wconf 89' lang='lat' dir='ltr'>ab</span> <span class='ocrx_word' id='word_1_86' title='bbox 559 1576 642 1623; x_wconf 91' lang='lat' dir='ltr'>eo</span> <span class='ocrx_word' id='word_1_87' title='bbox 673 1559 1148 1641; x_wconf 84' lang='lat' dir='ltr'>exprobratam</span> <span class='ocrx_word' id='word_1_88' title='bbox 1169 1557 1585 1641; x_wconf 88' lang='lat' dir='ltr'>judicantes,</span> <span class='ocrx_word' id='word_1_89' title='bbox 1624 1559 1791 1622; x_wconf 87' lang='lat' dir='ltr'>iram</span> <span class='ocrx_word' id='word_1_90' title='bbox 1821 1578 2011 1623; x_wconf 88' lang='lat' dir='ltr'>suam</span> <span class='ocrx_word' id='word_1_91' title='bbox 2040 1558 2357 1622; x_wconf 85' lang='lat' dir='ltr'>adversus</span> <span class='ocrx_word' id='word_1_92' title='bbox 2386 1564 2626 1622; x_wconf 87' lang='lat' dir='ltr'>contu-</span> 
     </span>
     <span class='ocr_line' id='line_1_13' title="bbox 439 1658 2625 1742; baseline -0.001 -19"><span class='ocrx_word' id='word_1_93' title='bbox 439 1660 784 1723; x_wconf 89' lang='lat' dir='ltr'>meliosam</span> <span class='ocrx_word' id='word_1_94' title='bbox 843 1659 991 1742; x_wconf 89' lang='lat' dir='ltr'>ejus</span> <span class='ocrx_word' id='word_1_95' title='bbox 1047 1660 1480 1723; x_wconf 85' lang='lat' dir='ltr'>urbanitatem</span> <span class='ocrx_word' id='word_1_96' title='bbox 1537 1659 2052 1724; x_wconf 84' lang='lat' dir='ltr'>destrinxerunt.</span> <span class='ocrx_word' id='word_1_97' title='bbox 2142 1658 2353 1741; x_wconf 86' lang='lat' dir='ltr'>Igitur</span> <span class='ocrx_word' id='word_1_98' title='bbox 2382 1659 2625 1723; x_wconf 87' lang='lat' dir='ltr'>civitas</span> 
     </span>
     <span class='ocr_line' id='line_1_14' title="bbox 439 1760 2623 1843; baseline -0 -20"><span class='ocrx_word' id='word_1_99' title='bbox 439 1765 690 1835; x_wconf 88' lang='lat' dir='ltr'>nostra,</span> <span class='ocrx_word' id='word_1_100' title='bbox 719 1760 1042 1823; x_wconf 87' lang='lat' dir='ltr'>nobilium</span> <span class='ocrx_word' id='word_1_101' title='bbox 1064 1760 1383 1843; x_wconf 84' lang='lat' dir='ltr'>juvenum</span> <span class='ocrx_word' id='word_1_102' title='bbox 1413 1760 1681 1841; x_wconf 85' lang='lat' dir='ltr'>ingenia</span> <span class='ocrx_word' id='word_1_103' title='bbox 1719 1761 1805 1824; x_wconf 89' lang='lat' dir='ltr'>ab</span> <span class='ocrx_word' id='word_1_104' title='bbox 1830 1760 2191 1825; x_wconf 87' lang='lat' dir='ltr'>insolentia</span> <span class='ocrx_word' id='word_1_105' title='bbox 2218 1760 2623 1834; x_wconf 81' lang='lat' dir='ltr'>revocando,</span> 
     </span>
     <span class='ocr_line' id='line_1_15' title="bbox 442 1860 2623 1945; baseline -0.001 -20"><span class='ocrx_word' id='word_1_106' title='bbox 442 1879 720 1943; x_wconf 87' lang='lat' dir='ltr'>magnos</span> <span class='ocrx_word' id='word_1_107' title='bbox 749 1867 817 1924; x_wconf 91' lang='lat' dir='ltr'>et</span> <span class='ocrx_word' id='word_1_108' title='bbox 843 1862 1041 1925; x_wconf 89' lang='lat' dir='ltr'>utiles</span> <span class='ocrx_word' id='word_1_109' title='bbox 1083 1862 1268 1925; x_wconf 82' lang='lat' dir='ltr'>cives</span> <span class='ocrx_word' id='word_1_110' title='bbox 1314 1861 1516 1942; x_wconf 82' lang='lat' dir='ltr'>fecit3</span> <span class='ocrx_word' id='word_1_111' title='bbox 1560 1862 2083 1945; x_wconf 84' lang='lat' dir='ltr'>honoribusque,</span> <span class='ocrx_word' id='word_1_112' title='bbox 2134 1880 2270 1925; x_wconf 88' lang='lat' dir='ltr'>non</span> <span class='ocrx_word' id='word_1_113' title='bbox 2300 1860 2623 1943; x_wconf 90' lang='lat' dir='ltr'>patiendo</span> 
     </span>
     <span class='ocr_line' id='line_1_16' title="bbox 444 1960 2585 2046; baseline -0.001 -21"><span class='ocrx_word' id='word_1_114' title='bbox 444 1981 564 2026; x_wconf 91' lang='lat' dir='ltr'>eos</span> <span class='ocrx_word' id='word_1_115' title='bbox 591 1980 631 2025; x_wconf 88' lang='lat' dir='ltr'>a</span> <span class='ocrx_word' id='word_1_116' title='bbox 660 1964 910 2026; x_wconf 88' lang='lat' dir='ltr'>securis</span> <span class='ocrx_word' id='word_1_117' title='bbox 939 1962 1159 2045; x_wconf 83' lang='lat' dir='ltr'>peti,¹0</span> <span class='ocrx_word' id='word_1_118' title='bbox 1201 1963 1500 2027; x_wconf 84' lang='lat' dir='ltr'>debitum</span> <span class='ocrx_word' id='word_1_119' title='bbox 1530 1964 1957 2027; x_wconf 88' lang='lat' dir='ltr'>auctoritatis</span> <span class='ocrx_word' id='word_1_120' title='bbox 1988 1983 2081 2046; x_wconf 92' lang='lat' dir='ltr'>po</span> <span class='ocrx_word' id='word_1_121' title='bbox 2111 1963 2286 2026; x_wconf 85' lang='lat' dir='ltr'>udus</span> <span class='ocrx_word' id='word_1_122' title='bbox 2318 1960 2585 2044; x_wconf 89' lang='lat' dir='ltr'>adjecit.</span> 
     </span>
     <span class='ocr_line' id='line_1_17' title="bbox 524 2061 2624 2144; baseline -0.001 -17"><span class='ocrx_word' id='word_1_123' title='bbox 524 2062 589 2127; x_wconf 82' lang='lat'>3.</span> <span class='ocrx_word' id='word_1_124' title='bbox 632 2062 880 2127; x_wconf 89' lang='lat' dir='ltr'>Nullus</span> <span class='ocrx_word' id='word_1_125' title='bbox 904 2082 1079 2126; x_wconf 85' lang='lat' dir='ltr'>error</span> <span class='ocrx_word' id='word_1_126' title='bbox 1107 2062 1262 2127; x_wconf 88' lang='lat' dir='ltr'>talis</span> <span class='ocrx_word' id='word_1_127' title='bbox 1292 2062 1360 2125; x_wconf 90' lang='lat' dir='ltr'>in</span> <span class='ocrx_word' id='word_1_128' title='bbox 1393 2062 1468 2125; x_wconf 89' lang='lat' dir='ltr'>L.</span> <span class='ocrx_word' id='word_1_129' title='bbox 1491 2063 1769 2127; x_wconf 88' lang='lat' dir='ltr'>AEmilio</span> <span class='ocrx_word' id='word_1_130' title='bbox 1796 2061 2015 2127; x_wconf 89' lang='lat' dir='ltr'>Paulo</span> <span class='ocrx_word' id='word_1_131' title='bbox 2049 2069 2455 2144; x_wconf 74' lang='lat' dir='ltr'>conspectus</span> <span class='ocrx_word' id='word_1_132' title='bbox 2484 2068 2624 2125; x_wconf 83' lang='lat' dir='ltr'>est:</span> 
     </span>
     <span class='ocr_line' id='line_1_18' title="bbox 448 2162 2632 2248; baseline -0 -20"><span class='ocrx_word' id='word_1_133' title='bbox 448 2165 570 2229; x_wconf 89' lang='lat' dir='ltr'>sed</span> <span class='ocrx_word' id='word_1_134' title='bbox 625 2171 846 2229; x_wconf 90' lang='lat' dir='ltr'>tamen</span> <span class='ocrx_word' id='word_1_135' title='bbox 894 2166 1252 2248; x_wconf 88' lang='lat' dir='ltr'>aliquoties</span> <span class='ocrx_word' id='word_1_136' title='bbox 1310 2162 1595 2229; x_wconf 67' lang='lat' dir='ltr'>frustras</span> <span class='ocrx_word' id='word_1_137' title='bbox 1632 2165 2053 2229; x_wconf 90' lang='lat' dir='ltr'>consulatum</span> <span class='ocrx_word' id='word_1_138' title='bbox 2100 2164 2317 2247; x_wconf 86' lang='lat' dir='ltr'>petiit.</span> <span class='ocrx_word' id='word_1_139' title='bbox 2406 2163 2632 2227; x_wconf 81' lang='lat' dir='ltr'>Idem-</span> 
     </span>
     <span class='ocr_line' id='line_1_19' title="bbox 448 2265 2633 2351; baseline -0.001 -23"><span class='ocrx_word' id='word_1_140' title='bbox 448 2284 602 2347; x_wconf 88' lang='lat' dir='ltr'>que,</span> <span class='ocrx_word' id='word_1_141' title='bbox 633 2286 788 2330; x_wconf 88' lang='lat' dir='ltr'>cum</span> <span class='ocrx_word' id='word_1_142' title='bbox 804 2267 950 2351; x_wconf 88' lang='lat' dir='ltr'>jam</span> <span class='ocrx_word' id='word_1_143' title='bbox 978 2284 1290 2348; x_wconf 86' lang='lat' dir='ltr'>campum</span> <span class='ocrx_word' id='word_1_144' title='bbox 1311 2265 1602 2349; x_wconf 72' lang='lat' dir='ltr'>repuISis</span> <span class='ocrx_word' id='word_1_145' title='bbox 1633 2266 1783 2329; x_wconf 87' lang='lat' dir='ltr'>suis</span> <span class='ocrx_word' id='word_1_146' title='bbox 1812 2266 2185 2347; x_wconf 84' lang='lat' dir='ltr'>fatigasset,</span> <span class='ocrx_word' id='word_1_147' title='bbox 2216 2265 2323 2327; x_wconf 88' lang='lat' dir='ltr'>bis</span> <span class='ocrx_word' id='word_1_148' title='bbox 2353 2266 2587 2340; x_wconf 84' lang='lat' dir='ltr'>consul</span> <span class='ocrx_word' id='word_1_149' title='bbox 2607 2271 2633 2309; x_wconf 64' lang='grc' dir='ltr'><strong><em>Β</em></strong></span> 
     </span>
     <span class='ocr_line' id='line_1_20' title="bbox 449 2354 2632 2449; baseline -0.001 -20"><span class='ocrx_word' id='word_1_150' title='bbox 449 2376 518 2429; x_wconf 92' lang='lat' dir='ltr'>et</span> <span class='ocrx_word' id='word_1_151' title='bbox 545 2385 783 2430; x_wconf 86' lang='lat' dir='ltr'>censor</span> <span class='ocrx_word' id='word_1_152' title='bbox 808 2366 1051 2445; x_wconf 86' lang='lat' dir='ltr'>factus,</span> <span class='ocrx_word' id='word_1_153' title='bbox 1083 2367 1569 2449; x_wconf 87' lang='lat' dir='ltr'>amplissimum</span> <span class='ocrx_word' id='word_1_154' title='bbox 1598 2365 1933 2447; x_wconf 85' lang='lat' dir='ltr'>dignitatis</span> <span class='ocrx_word' id='word_1_155' title='bbox 1964 2366 2239 2448; x_wconf 86' lang='lat' dir='ltr'>gradum</span> <span class='ocrx_word' id='word_1_156' title='bbox 2270 2354 2632 2429; x_wconf 69' lang='lat' dir='ltr'>obtinuit.¹¹¹</span> 
     </span>
     <span class='ocr_line' id='line_1_21' title="bbox 450 2461 2633 2553; baseline 0 -22"><span class='ocrx_word' id='word_1_157' title='bbox 450 2461 661 2553; x_wconf 77' lang='lat' dir='ltr'>Cujus</span> <span class='ocrx_word' id='word_1_158' title='bbox 688 2469 998 2535; x_wconf 80' lang='lat' dir='ltr'>virtutem</span> <span class='ocrx_word' id='word_1_159' title='bbox 1027 2469 1286 2552; x_wconf 83' lang='lat' dir='ltr'>injuriae</span> <span class='ocrx_word' id='word_1_160' title='bbox 1317 2488 1444 2532; x_wconf 89' lang='lat' dir='ltr'>non</span> <span class='ocrx_word' id='word_1_161' title='bbox 1472 2469 1819 2550; x_wconf 86' lang='lat' dir='ltr'>fregerunt,</span> <span class='ocrx_word' id='word_1_162' title='bbox 1863 2468 1985 2532; x_wconf 88' lang='lat' dir='ltr'>sed</span> <span class='ocrx_word' id='word_1_163' title='bbox 2002 2464 2353 2532; x_wconf 74' lang='lat' dir='ltr'>acuerunt.</span> <span class='ocrx_word' id='word_1_164' title='bbox 2444 2466 2633 2546; x_wconf 85' lang='lat' dir='ltr'>Quo—</span> 
     </span>
    </p>
   </div>
   <div class='ocr_carea' id='block_1_3' title="bbox 1367 2659 1725 2682">
    <p class='ocr_par' dir='ltr' id='par_1_3' title="bbox 1367 2659 1725 2682">
     <span class='ocr_line' id='line_1_22' title="bbox 1367 2659 1725 2682; baseline 0 -2"><span class='ocrx_word' id='word_1_165' title='bbox 1367 2660 1513 2682; x_wconf 60' lang='lat' dir='ltr'>OO‘N</span> <span class='ocrx_word' id='word_1_166' title='bbox 1517 2659 1725 2681; x_wconf 57' lang='lat' dir='ltr'>‘OemO</span> 
     </span>
    </p>
   </div>
   <div class='ocr_carea' id='block_1_4' title="bbox 427 2791 2647 3241">
    <p class='ocr_par' dir='ltr' id='par_1_4' title="bbox 427 2791 2647 3241">
     <span class='ocr_line' id='line_1_23' title="bbox 453 2791 2637 2858; baseline -0.001 -15"><span class='ocrx_word' id='word_1_167' title='bbox 453 2798 516 2843; x_wconf 85' lang='grc'>10</span> <span class='ocrx_word' id='word_1_168' title='bbox 547 2793 634 2844; x_wconf 83' lang='lat' dir='ltr'>Sic</span> <span class='ocrx_word' id='word_1_169' title='bbox 677 2793 973 2844; x_wconf 84' lang='lat' dir='ltr'>emendavit</span> <span class='ocrx_word' id='word_1_170' title='bbox 1009 2793 1248 2856; x_wconf 83' lang='lat' dir='ltr'>Pighius,</span> <span class='ocrx_word' id='word_1_171' title='bbox 1291 2793 1426 2857; x_wconf 85' lang='lat' dir='ltr'>quod</span> <span class='ocrx_word' id='word_1_172' title='bbox 1450 2793 1757 2844; x_wconf 81' lang='lat' dir='ltr'>confirmant</span> <span class='ocrx_word' id='word_1_173' title='bbox 1780 2793 1964 2858; x_wconf 82' lang='lat' dir='ltr'>scripti</span> <span class='ocrx_word' id='word_1_174' title='bbox 1986 2791 2099 2841; x_wconf 82' lang='lat' dir='ltr'>fere</span> <span class='ocrx_word' id='word_1_175' title='bbox 2120 2803 2317 2850; x_wconf 83' lang='lat' dir='ltr'>omnes,</span> <span class='ocrx_word' id='word_1_176' title='bbox 2346 2798 2400 2840; x_wconf 88' lang='lat' dir='ltr'>et</span> <span class='ocrx_word' id='word_1_177' title='bbox 2418 2793 2553 2841; x_wconf 83' lang='lat' dir='ltr'>Ven.</span> <span class='ocrx_word' id='word_1_178' title='bbox 2575 2805 2637 2841; x_wconf 86' lang='lat' dir='ltr'>ae</span> 
     </span>
     <span class='ocr_line' id='line_1_24' title="bbox 452 2855 2642 2922; baseline -0.002 -14"><span class='ocrx_word' id='word_1_179' title='bbox 452 2858 673 2908; x_wconf 88' lang='lat' dir='ltr'>Mediol.</span> <span class='ocrx_word' id='word_1_180' title='bbox 717 2858 808 2906; x_wconf 75' lang='lat' dir='ltr'>sed</span> <span class='ocrx_word' id='word_1_181' title='bbox 842 2858 987 2908; x_wconf 85' lang='lat' dir='ltr'>Leid.</span> <span class='ocrx_word' id='word_1_182' title='bbox 1008 2859 1175 2922; x_wconf 87' lang='lat' dir='ltr'>quint.</span> <span class='ocrx_word' id='word_1_183' title='bbox 1201 2874 1232 2907; x_wconf 81' lang='lat' dir='ltr'>a</span> <span class='ocrx_word' id='word_1_184' title='bbox 1250 2859 1425 2906; x_wconf 70' lang='lat' dir='ltr'>secutis</span> <span class='ocrx_word' id='word_1_185' title='bbox 1438 2859 1540 2921; x_wconf 77' lang='lat' dir='ltr'>peti</span> <span class='ocrx_word' id='word_1_186' title='bbox 1556 2875 1574 2906; x_wconf 85' lang='grc'><strong>.-</strong></span> <span class='ocrx_word' id='word_1_187' title='bbox 1606 2858 1653 2907; x_wconf 83' lang='grc' dir='ltr'><strong><em>Δ</em></strong></span> <span class='ocrx_word' id='word_1_188' title='bbox 1676 2859 1854 2906; x_wconf 65' lang='grc' dir='ltr'>συκῆ-ξε</span> <span class='ocrx_word' id='word_1_189' title='bbox 1875 2857 2091 2920; x_wconf 82' lang='lat' dir='ltr'>exponit</span> <span class='ocrx_word' id='word_1_190' title='bbox 2112 2855 2397 2918; x_wconf 79' lang='lat' dir='ltr'>oliverius,</span> <span class='ocrx_word' id='word_1_191' title='bbox 2431 2857 2447 2883; x_wconf 84' lang='lat'>‘</span> <span class='ocrx_word' id='word_1_192' title='bbox 2469 2869 2501 2903; x_wconf 83' lang='lat' dir='ltr'>a</span> <span class='ocrx_word' id='word_1_193' title='bbox 2521 2855 2642 2904; x_wconf 82' lang='lat' dir='ltr'>ridi·</span> 
     </span>
     <span class='ocr_line' id='line_1_25' title="bbox 427 2918 2643 2986; baseline -0.001 -15"><span class='ocrx_word' id='word_1_194' title='bbox 427 2925 432 2928; x_wconf 84' lang='lat'>&#39;</span> <span class='ocrx_word' id='word_1_195' title='bbox 453 2922 584 2971; x_wconf 83' lang='lat' dir='ltr'>culis</span> <span class='ocrx_word' id='word_1_196' title='bbox 607 2922 890 2971; x_wconf 75' lang='lat' dir='ltr'>homiuibus</span> <span class='ocrx_word' id='word_1_197' title='bbox 909 2921 940 2970; x_wconf 90' lang='lat'>:’</span> <span class='ocrx_word' id='word_1_198' title='bbox 983 2922 1076 2970; x_wconf 82' lang='lat' dir='ltr'>sed</span> <span class='ocrx_word' id='word_1_199' title='bbox 1097 2921 1417 2985; x_wconf 80' lang='lat' dir='ltr'>Theophilus</span> <span class='ocrx_word' id='word_1_200' title='bbox 1442 2921 1587 2971; x_wconf 86' lang='lat' dir='ltr'>addit</span> <span class='ocrx_word' id='word_1_201' title='bbox 1610 2923 1805 2986; x_wconf 82' lang='lat' dir='ltr'>aliquot</span> <span class='ocrx_word' id='word_1_202' title='bbox 1822 2920 2138 2982; x_wconf 86' lang='lat' dir='ltr'>exemplaria</span> <span class='ocrx_word' id='word_1_203' title='bbox 2174 2918 2383 2980; x_wconf 83' lang='lat' dir='ltr'>habere,</span> <span class='ocrx_word' id='word_1_204' title='bbox 2401 2935 2432 2968; x_wconf 81' lang='lat' dir='ltr'>a</span> <span class='ocrx_word' id='word_1_205' title='bbox 2451 2921 2643 2970; x_wconf 70' lang='lat' dir='ltr'>securis.</span> 
     </span>
     <span class='ocr_line' id='line_1_26' title="bbox 451 2983 2641 3050; baseline -0.001 -16"><span class='ocrx_word' id='word_1_206' title='bbox 451 2989 582 3034; x_wconf 88' lang='lat'>-11</span> <span class='ocrx_word' id='word_1_207' title='bbox 615 2986 702 3035; x_wconf 87' lang='lat' dir='ltr'>Ita</span> <span class='ocrx_word' id='word_1_208' title='bbox 738 2986 886 3049; x_wconf 81' lang='lat' dir='ltr'>Pigh.</span> <span class='ocrx_word' id='word_1_209' title='bbox 906 2999 971 3034; x_wconf 83' lang='lat' dir='ltr'>ex</span> <span class='ocrx_word' id='word_1_210' title='bbox 989 2985 1198 3034; x_wconf 83' lang='lat' dir='ltr'>Winek.</span> <span class='ocrx_word' id='word_1_211' title='bbox 1222 2992 1278 3034; x_wconf 88' lang='lat' dir='ltr'>et</span> <span class='ocrx_word' id='word_1_212' title='bbox 1302 2986 1495 3036; x_wconf 75' lang='lat' dir='ltr'>Cauch.</span> <span class='ocrx_word' id='word_1_213' title='bbox 1529 2986 1616 3050; x_wconf 88' lang='lat' dir='ltr'>qui</span> <span class='ocrx_word' id='word_1_214' title='bbox 1641 3001 1787 3050; x_wconf 81' lang='lat' dir='ltr'>aeque</span> <span class='ocrx_word' id='word_1_215' title='bbox 1810 2985 2053 3049; x_wconf 81' lang='lat' dir='ltr'>probavit</span> <span class='ocrx_word' id='word_1_216' title='bbox 2074 2985 2196 3032; x_wconf 89' lang='lat' dir='ltr'>lect.</span> <span class='ocrx_word' id='word_1_217' title='bbox 2222 2983 2419 3032; x_wconf 82' lang='lat' dir='ltr'>codicis</span> <span class='ocrx_word' id='word_1_218' title='bbox 2455 2983 2641 3032; x_wconf 86' lang='lat' dir='ltr'>Calon.</span> 
     </span>
     <span class='ocr_line' id='line_1_27' title="bbox 454 3047 2642 3113; baseline -0 -16"><span class='ocrx_word' id='word_1_219' title='bbox 454 3049 528 3097; x_wconf 68' lang='lat' dir='ltr'>bis</span> <span class='ocrx_word' id='word_1_220' title='bbox 556 3065 597 3097; x_wconf 78' lang='lat' dir='ltr'>c.</span> <span class='ocrx_word' id='word_1_221' title='bbox 615 3064 658 3099; x_wconf 81' lang='lat' dir='ltr'>e.</span> <span class='ocrx_word' id='word_1_222' title='bbox 679 3049 780 3107; x_wconf 81' lang='lat' dir='ltr'>c.f.</span> <span class='ocrx_word' id='word_1_223' title='bbox 803 3055 870 3098; x_wconf 73' lang='lat' dir='ltr'>est</span> <span class='ocrx_word' id='word_1_224' title='bbox 885 3065 904 3107; x_wconf 77' lang='lat'>,-</span> <span class='ocrx_word' id='word_1_225' title='bbox 933 3051 1225 3110; x_wconf 73' lang='lat' dir='ltr'>gradumque</span> <span class='ocrx_word' id='word_1_226' title='bbox 1260 3050 1518 3110; x_wconf 69' lang='lat' dir='ltr'>dignitatis</span> <span class='ocrx_word' id='word_1_227' title='bbox 1553 3051 1892 3113; x_wconf 69' lang='lat' dir='ltr'>amplissimum</span> <span class='ocrx_word' id='word_1_228' title='bbox 1930 3047 2166 3097; x_wconf 72' lang='lat' dir='ltr'>obtinuit.-</span> <span class='ocrx_word' id='word_1_229' title='bbox 2200 3047 2319 3096; x_wconf 89' lang='lat' dir='ltr'>edd.</span> <span class='ocrx_word' id='word_1_230' title='bbox 2360 3053 2491 3096; x_wconf 83' lang='lat' dir='ltr'>vett.</span> <span class='ocrx_word' id='word_1_231' title='bbox 2524 3061 2642 3096; x_wconf 87' lang='lat' dir='ltr'>cum</span> 
     </span>
     <span class='ocr_line' id='line_1_28' title="bbox 457 3111 2645 3176; baseline -0.001 -14"><span class='ocrx_word' id='word_1_232' title='bbox 457 3113 586 3175; x_wconf 84' lang='lat' dir='ltr'>Cop.</span> <span class='ocrx_word' id='word_1_233' title='bbox 623 3113 812 3176; x_wconf 80' lang='lat' dir='ltr'>Ultraj.</span> <span class='ocrx_word' id='word_1_234' title='bbox 834 3117 880 3162; x_wconf 92' lang='lat'>1.</span> <span class='ocrx_word' id='word_1_235' title='bbox 902 3117 952 3161; x_wconf 96' lang='grc'><strong>2.</strong></span> <span class='ocrx_word' id='word_1_236' title='bbox 975 3113 1121 3161; x_wconf 85' lang='lat' dir='ltr'>Med.</span> <span class='ocrx_word' id='word_1_237' title='bbox 1145 3118 1190 3162; x_wconf 85' lang='lat'>1.</span> <span class='ocrx_word' id='word_1_238' title='bbox 1209 3116 1256 3161; x_wconf 88' lang='grc'><strong>2.</strong></span> <span class='ocrx_word' id='word_1_239' title='bbox 1275 3113 1422 3163; x_wconf 85' lang='lat' dir='ltr'>Harl.</span> <span class='ocrx_word' id='word_1_240' title='bbox 1447 3113 1605 3163; x_wconf 78' lang='lat' dir='ltr'>Barb.</span> <span class='ocrx_word' id='word_1_241' title='bbox 1629 3115 1741 3164; x_wconf 88' lang='lat' dir='ltr'>Bit.</span> <span class='ocrx_word' id='word_1_242' title='bbox 1765 3121 1819 3162; x_wconf 89' lang='lat' dir='ltr'>et</span> <span class='ocrx_word' id='word_1_243' title='bbox 1838 3113 1985 3162; x_wconf 87' lang='lat' dir='ltr'>Leid.</span> <span class='ocrx_word' id='word_1_244' title='bbox 2022 3118 2264 3176; x_wconf 85' lang='lat' dir='ltr'>quatuor,</span> <span class='ocrx_word' id='word_1_245' title='bbox 2316 3111 2387 3159; x_wconf 73' lang='lat' dir='ltr'>bis</span> <span class='ocrx_word' id='word_1_246' title='bbox 2406 3111 2567 3160; x_wconf 71' lang='lat' dir='ltr'>consul</span> <span class='ocrx_word' id='word_1_247' title='bbox 2596 3120 2645 3160; x_wconf 77' lang='lat' dir='ltr'>et</span> 
     </span>
     <span class='ocr_line' id='line_1_29' title="bbox 455 3175 2647 3241; baseline -0.001 -13"><span class='ocrx_word' id='word_1_248' title='bbox 455 3191 616 3228; x_wconf 69' lang='lat' dir='ltr'>maor</span> <span class='ocrx_word' id='word_1_249' title='bbox 639 3177 806 3237; x_wconf 76' lang='lat' dir='ltr'>suctus</span> <span class='ocrx_word' id='word_1_250' title='bbox 837 3181 926 3240; x_wconf 71' lang='lat' dir='ltr'>eat,</span> <span class='ocrx_word' id='word_1_251' title='bbox 965 3176 1302 3241; x_wconf 69' lang='lat' dir='ltr'>amplissimum</span> <span class='ocrx_word' id='word_1_252' title='bbox 1329 3177 1473 3226; x_wconf 77' lang='lat' dir='ltr'>etiam</span> <span class='ocrx_word' id='word_1_253' title='bbox 1505 3177 1761 3239; x_wconf 68' lang='lat' dir='ltr'>dignitatis</span> <span class='ocrx_word' id='word_1_254' title='bbox 1788 3179 1994 3238; x_wconf 73' lang='lat' dir='ltr'>gradum</span> <span class='ocrx_word' id='word_1_255' title='bbox 2024 3175 2257 3227; x_wconf 75' lang='lat' dir='ltr'>obtinuit..</span> <span class='ocrx_word' id='word_1_256' title='bbox 2312 3175 2459 3225; x_wconf 86' lang='lat' dir='ltr'>Leid.</span> <span class='ocrx_word' id='word_1_257' title='bbox 2482 3175 2647 3240; x_wconf 88' lang='lat' dir='ltr'>quint.</span> 
     </span>
    </p>
   </div>
   <div class='ocr_carea' id='block_1_5' title="bbox 1441 3336 1663 3388">
    <p class='ocr_par' dir='ltr' id='par_1_5' title="bbox 1441 3336 1663 3388">
     <span class='ocr_line' id='line_1_30' title="bbox 1441 3336 1663 3388; baseline 0.009 -2"><span class='ocrx_word' id='word_1_258' title='bbox 1441 3336 1663 3388; x_wconf 79' lang='lat' dir='ltr'>NOTAE</span> 
     </span>
    </p>
   </div>
   <div class='ocr_carea' id='block_1_6' title="bbox 458 3465 2664 4285">
    <p class='ocr_par' dir='ltr' id='par_1_6' title="bbox 459 3465 1952 3531">
     <span class='ocr_line' id='line_1_31' title="bbox 459 3465 1952 3531; baseline 0.002 -18"><span class='ocrx_word' id='word_1_259' title='bbox 459 3479 594 3514; x_wconf 86' lang='lat' dir='ltr'>anno</span> <span class='ocrx_word' id='word_1_260' title='bbox 613 3465 772 3514; x_wconf 78' lang='lat' dir='ltr'>Urbis</span> <span class='ocrx_word' id='word_1_261' title='bbox 793 3469 908 3514; x_wconf 76' lang='lat'><strong>563.</strong></span> <span class='ocrx_word' id='word_1_262' title='bbox 931 3466 1206 3515; x_wconf 86' lang='lat' dir='ltr'>Corculum</span> <span class='ocrx_word' id='word_1_263' title='bbox 1231 3470 1345 3516; x_wconf 84' lang='grc'><strong>592.</strong></span> <span class='ocrx_word' id='word_1_264' title='bbox 1367 3465 1518 3516; x_wconf 84' lang='lat' dir='ltr'>Sera-</span> <span class='ocrx_word' id='word_1_265' title='bbox 1595 3467 1952 3531; x_wconf 83' lang='lat' dir='ltr'>ingenuorum.</span> 
     </span>
    </p>

    <p class='ocr_par' dir='ltr' id='par_1_7' title="bbox 458 3540 2649 3604">
     <span class='ocr_line' id='line_1_32' title="bbox 458 3540 2649 3604; baseline 0 -16"><span class='ocrx_word' id='word_1_266' title='bbox 458 3541 548 3604; x_wconf 89' lang='lat' dir='ltr'>pio</span> <span class='ocrx_word' id='word_1_267' title='bbox 567 3544 681 3590; x_wconf 86' lang='grc'><strong>616.</strong></span> <span class='ocrx_word' id='word_1_268' title='bbox 703 3547 759 3588; x_wconf 87' lang='lat' dir='ltr'>et</span> <span class='ocrx_word' id='word_1_269' title='bbox 783 3547 998 3604; x_wconf 80' lang='lat' dir='ltr'>quartus</span> <span class='ocrx_word' id='word_1_270' title='bbox 1018 3543 1133 3589; x_wconf 82' lang='grc'><strong>642.</strong></span> <span class='ocrx_word' id='word_1_271' title='bbox 1199 3540 1312 3588; x_wconf 86' lang='lat' dir='ltr'>Viri</span> <span class='ocrx_word' id='word_1_272' title='bbox 1335 3541 1517 3604; x_wconf 90' lang='lat' dir='ltr'>optimi</span> <span class='ocrx_word' id='word_1_273' title='bbox 1661 3551 1685 3596; x_wconf 69' lang='grc' dir='ltr'><strong><em>τ</em></strong></span> <span class='ocrx_word' id='word_1_274' title='bbox 1708 3540 1809 3591; x_wconf 89' lang='lat' dir='ltr'>An.</span> <span class='ocrx_word' id='word_1_275' title='bbox 1832 3541 1909 3590; x_wconf 89' lang='lat' dir='ltr'>M.</span> <span class='ocrx_word' id='word_1_276' title='bbox 1928 3543 2075 3589; x_wconf 77' lang='lat'><strong>3908.</strong></span> <span class='ocrx_word' id='word_1_277' title='bbox 2111 3540 2199 3590; x_wconf 89' lang='lat' dir='ltr'>Ol.</span> <span class='ocrx_word' id='word_1_278' title='bbox 2223 3543 2333 3588; x_wconf 84' lang='lat'><strong>168.</strong></span> <span class='ocrx_word' id='word_1_279' title='bbox 2358 3543 2405 3588; x_wconf 75' lang='lat'>3.</span> <span class='ocrx_word' id='word_1_280' title='bbox 2439 3540 2569 3589; x_wconf 87' lang='lat' dir='ltr'>Urb.</span> <span class='ocrx_word' id='word_1_281' title='bbox 2590 3541 2649 3590; x_wconf 90' lang='lat' dir='ltr'>C.</span> 
     </span>
    </p>

    <p class='ocr_par' dir='ltr' id='par_1_8' title="bbox 459 3613 2117 3679">
     <span class='ocr_line' id='line_1_33' title="bbox 459 3613 2117 3679; baseline -0.001 -15"><span class='ocrx_word' id='word_1_282' title='bbox 459 3614 596 3664; x_wconf 77' lang='lat' dir='ltr'>filius</span> <span class='ocrx_word' id='word_1_283' title='bbox 620 3615 893 3664; x_wconf 86' lang='lat' dir='ltr'>Corculum</span> <span class='ocrx_word' id='word_1_284' title='bbox 923 3613 1043 3676; x_wconf 84' lang='lat' dir='ltr'>fuit,</span> <span class='ocrx_word' id='word_1_285' title='bbox 1074 3615 1292 3679; x_wconf 83' lang='lat' dir='ltr'>Serapio</span> <span class='ocrx_word' id='word_1_286' title='bbox 1323 3629 1521 3679; x_wconf 79' lang='lat' dir='ltr'>nepos;</span> <span class='ocrx_word' id='word_1_287' title='bbox 1594 3623 1707 3668; x_wconf 81' lang='grc'><strong>607.</strong></span> <span class='ocrx_word' id='word_1_288' title='bbox 1740 3616 1863 3666; x_wconf 86' lang='lat' dir='ltr'>Ant.</span> <span class='ocrx_word' id='word_1_289' title='bbox 1889 3616 1982 3667; x_wconf 86' lang='lat' dir='ltr'>Ch.</span> <span class='ocrx_word' id='word_1_290' title='bbox 2003 3619 2117 3665; x_wconf 84' lang='grc'><strong>145.</strong></span> 
     </span>
    </p>

    <p class='ocr_par' dir='ltr' id='par_1_9' title="bbox 461 3688 2654 3756">
     <span class='ocr_line' id='line_1_34' title="bbox 461 3688 2654 3756; baseline -0.001 -17"><span class='ocrx_word' id='word_1_291' title='bbox 461 3691 506 3748; x_wconf 78' lang='lat' dir='ltr'>is</span> <span class='ocrx_word' id='word_1_292' title='bbox 531 3692 618 3755; x_wconf 90' lang='lat' dir='ltr'>qui</span> <span class='ocrx_word' id='word_1_293' title='bbox 653 3690 928 3753; x_wconf 82' lang='lat' dir='ltr'>Jugurtbae</span> <span class='ocrx_word' id='word_1_294' title='bbox 967 3691 1158 3740; x_wconf 91' lang='lat' dir='ltr'>bellum</span> <span class='ocrx_word' id='word_1_295' title='bbox 1191 3691 1394 3754; x_wconf 82' lang='lat' dir='ltr'>indixit,</span> <span class='ocrx_word' id='word_1_296' title='bbox 1429 3691 1516 3740; x_wconf 84' lang='lat' dir='ltr'>ab·</span> <span class='ocrx_word' id='word_1_297' title='bbox 1666 3691 1964 3756; x_wconf 69' lang='lat' dir='ltr'>‘Aliquoties</span> <span class='ocrx_word' id='word_1_298' title='bbox 1982 3689 2199 3751; x_wconf 78' lang='lat' dir='ltr'>frustra]</span> <span class='ocrx_word' id='word_1_299' title='bbox 2250 3688 2423 3737; x_wconf 84' lang='lat' dir='ltr'>Aliter</span> <span class='ocrx_word' id='word_1_300' title='bbox 2444 3689 2654 3737; x_wconf 86' lang='lat' dir='ltr'>Plutar-</span> 
     </span>
    </p>

    <p class='ocr_par' dir='ltr' id='par_1_10' title="bbox 462 3764 2655 3831">
     <span class='ocr_line' id='line_1_35' title="bbox 462 3764 2655 3831; baseline -0.003 -15"><span class='ocrx_word' id='word_1_301' title='bbox 462 3781 644 3830; x_wconf 85' lang='lat' dir='ltr'>nepos.</span> <span class='ocrx_word' id='word_1_302' title='bbox 693 3767 774 3815; x_wconf 87' lang='lat' dir='ltr'>De</span> <span class='ocrx_word' id='word_1_303' title='bbox 799 3765 1078 3830; x_wconf 83' lang='lat' dir='ltr'>Serapione</span> <span class='ocrx_word' id='word_1_304' title='bbox 1101 3767 1182 3816; x_wconf 78' lang='lat' dir='ltr'>liic</span> <span class='ocrx_word' id='word_1_305' title='bbox 1204 3767 1521 3830; x_wconf 78' lang='lat' dir='ltr'>potissimum</span> <span class='ocrx_word' id='word_1_306' title='bbox 1603 3769 1717 3831; x_wconf 84' lang='lat' dir='ltr'>cho,</span> <span class='ocrx_word' id='word_1_307' title='bbox 1752 3769 1903 3817; x_wconf 86' lang='lat' dir='ltr'>aliter</span> <span class='ocrx_word' id='word_1_308' title='bbox 1922 3766 2140 3816; x_wconf 86' lang='lat' dir='ltr'>Auctori</span> <span class='ocrx_word' id='word_1_309' title='bbox 2170 3764 2235 3812; x_wconf 91' lang='lat' dir='ltr'>de</span> <span class='ocrx_word' id='word_1_310' title='bbox 2268 3764 2407 3812; x_wconf 82' lang='lat' dir='ltr'>Viris</span> <span class='ocrx_word' id='word_1_311' title='bbox 2431 3764 2655 3813; x_wconf 81' lang='lat' dir='ltr'>Illustri-</span> 
     </span>
    </p>

    <p class='ocr_par' dir='ltr' id='par_1_11' title="bbox 466 3838 2659 3907">
     <span class='ocr_line' id='line_1_36' title="bbox 466 3838 2659 3907; baseline -0.002 -17"><span class='ocrx_word' id='word_1_312' title='bbox 466 3842 662 3904; x_wconf 79' lang='lat' dir='ltr'>agitur,</span> <span class='ocrx_word' id='word_1_313' title='bbox 695 3841 784 3904; x_wconf 85' lang='lat' dir='ltr'>qui</span> <span class='ocrx_word' id='word_1_314' title='bbox 822 3840 890 3890; x_wconf 89' lang='lat' dir='ltr'>ob</span> <span class='ocrx_word' id='word_1_315' title='bbox 919 3841 1155 3905; x_wconf 83' lang='lat' dir='ltr'>joculare</span> <span class='ocrx_word' id='word_1_316' title='bbox 1195 3843 1406 3891; x_wconf 83' lang='lat' dir='ltr'>verbum</span> <span class='ocrx_word' id='word_1_317' title='bbox 1441 3856 1520 3890; x_wconf 85' lang='lat' dir='ltr'>re·</span> <span class='ocrx_word' id='word_1_318' title='bbox 1604 3845 1702 3892; x_wconf 82' lang='lat' dir='ltr'>bus</span> <span class='ocrx_word' id='word_1_319' title='bbox 1724 3844 1931 3907; x_wconf 82' lang='lat' dir='ltr'>placet:</span> <span class='ocrx_word' id='word_1_320' title='bbox 1964 3841 2049 3890; x_wconf 86' lang='lat' dir='ltr'>ille</span> <span class='ocrx_word' id='word_1_321' title='bbox 2072 3846 2193 3902; x_wconf 79' lang='lat' dir='ltr'>post</span> <span class='ocrx_word' id='word_1_322' title='bbox 2221 3838 2439 3901; x_wconf 86' lang='lat' dir='ltr'>primum</span> <span class='ocrx_word' id='word_1_323' title='bbox 2464 3838 2659 3887; x_wconf 86' lang='lat' dir='ltr'>Consu-</span> 
     </span>
    </p>

    <p class='ocr_par' dir='ltr' id='par_1_12' title="bbox 467 3915 2658 3981">
     <span class='ocr_line' id='line_1_37' title="bbox 467 3915 2658 3981; baseline -0.001 -16"><span class='ocrx_word' id='word_1_324' title='bbox 467 3919 665 3980; x_wconf 83' lang='lat' dir='ltr'>pnlsam</span> <span class='ocrx_word' id='word_1_325' title='bbox 707 3930 884 3980; x_wconf 79' lang='lat' dir='ltr'>passus</span> <span class='ocrx_word' id='word_1_326' title='bbox 929 3921 1024 3966; x_wconf 71' lang='lat' dir='ltr'>est.</span> <span class='ocrx_word' id='word_1_327' title='bbox 1101 3915 1186 3965; x_wconf 92' lang='lat' dir='ltr'>Ad</span> <span class='ocrx_word' id='word_1_328' title='bbox 1231 3916 1380 3980; x_wconf 80' lang='lat' dir='ltr'>hujus</span> <span class='ocrx_word' id='word_1_329' title='bbox 1419 3915 1523 3966; x_wconf 88' lang='lat' dir='ltr'>loci</span> <span class='ocrx_word' id='word_1_330' title='bbox 1604 3921 1785 3981; x_wconf 88' lang='lat' dir='ltr'>latum,</span> <span class='ocrx_word' id='word_1_331' title='bbox 1802 3919 1882 3967; x_wconf 88' lang='lat' dir='ltr'>hic</span> <span class='ocrx_word' id='word_1_332' title='bbox 1907 3923 2049 3976; x_wconf 83' lang='lat' dir='ltr'>ante,</span> <span class='ocrx_word' id='word_1_333' title='bbox 2073 3923 2153 3964; x_wconf 86' lang='lat' dir='ltr'>ter</span> <span class='ocrx_word' id='word_1_334' title='bbox 2174 3915 2431 3976; x_wconf 81' lang='lat' dir='ltr'>repulsam</span> <span class='ocrx_word' id='word_1_335' title='bbox 2455 3928 2658 3976; x_wconf 81' lang='lat' dir='ltr'>passum</span> 
     </span>
    </p>

    <p class='ocr_par' dir='ltr' id='par_1_13' title="bbox 466 3988 2659 4131">
     <span class='ocr_line' id='line_1_38' title="bbox 466 3988 2659 4055; baseline -0 -13"><span class='ocrx_word' id='word_1_336' title='bbox 466 3992 860 4055; x_wconf 79' lang='lat' dir='ltr'>intelligentiam</span> <span class='ocrx_word' id='word_1_337' title='bbox 881 3991 977 4041; x_wconf 89' lang='lat' dir='ltr'>hoc</span> <span class='ocrx_word' id='word_1_338' title='bbox 997 3991 1190 4040; x_wconf 83' lang='lat' dir='ltr'>dixisse</span> <span class='ocrx_word' id='word_1_339' title='bbox 1211 3995 1333 4040; x_wconf 76' lang='lat' dir='ltr'>satis</span> <span class='ocrx_word' id='word_1_340' title='bbox 1357 3993 1476 4042; x_wconf 87' lang='lat' dir='ltr'>erit.</span> <span class='ocrx_word' id='word_1_341' title='bbox 1603 3993 1858 4044; x_wconf 77' lang='lat' dir='ltr'>affirmat:</span> <span class='ocrx_word' id='word_1_342' title='bbox 1903 3988 2008 4041; x_wconf 83' lang='lat' dir='ltr'>utri</span> <span class='ocrx_word' id='word_1_343' title='bbox 2044 3989 2286 4040; x_wconf 82' lang='lat' dir='ltr'>assentiri</span> <span class='ocrx_word' id='word_1_344' title='bbox 2336 3989 2502 4053; x_wconf 87' lang='lat' dir='ltr'>malis,</span> <span class='ocrx_word' id='word_1_345' title='bbox 2545 3991 2659 4054; x_wconf 71' lang='lat' dir='ltr'>ipse</span> 
     </span>
     <span class='ocr_line' id='line_1_39' title="bbox 532 4067 1817 4131; baseline 0.002 -15"><span class='ocrx_word' id='word_1_346' title='bbox 532 4073 557 4100; x_wconf 77' lang='lat'><strong><em>⁶</em></strong></span> <span class='ocrx_word' id='word_1_347' title='bbox 581 4067 792 4116; x_wconf 70' lang='lat' dir='ltr'>Rustica</span> <span class='ocrx_word' id='word_1_348' title='bbox 811 4067 987 4131; x_wconf 74' lang='lat' dir='ltr'>tribus]</span> <span class='ocrx_word' id='word_1_349' title='bbox 1019 4069 1185 4118; x_wconf 85' lang='lat' dir='ltr'>Erant</span> <span class='ocrx_word' id='word_1_350' title='bbox 1207 4068 1342 4116; x_wconf 88' lang='lat' dir='ltr'>enim</span> <span class='ocrx_word' id='word_1_351' title='bbox 1361 4068 1525 4118; x_wconf 79' lang='lat' dir='ltr'>tribus</span> <span class='ocrx_word' id='word_1_352' title='bbox 1606 4069 1817 4118; x_wconf 73' lang='lat' dir='ltr'>videris-</span> 
     </span>
    </p>

    <p class='ocr_par' dir='ltr' id='par_1_14' title="bbox 470 4138 2664 4207">
     <span class='ocr_line' id='line_1_40' title="bbox 470 4138 2664 4207; baseline -0 -16"><span class='ocrx_word' id='word_1_353' title='bbox 470 4143 700 4204; x_wconf 79' lang='lat' dir='ltr'>urbanae,</span> <span class='ocrx_word' id='word_1_354' title='bbox 736 4158 850 4207; x_wconf 80' lang='lat' dir='ltr'>quae</span> <span class='ocrx_word' id='word_1_355' title='bbox 875 4145 1061 4193; x_wconf 82' lang='lat' dir='ltr'>civium</span> <span class='ocrx_word' id='word_1_356' title='bbox 1081 4161 1097 4205; x_wconf 89' lang='lat'><strong>;</strong></span> <span class='ocrx_word' id='word_1_357' title='bbox 1131 4151 1187 4193; x_wconf 90' lang='lat' dir='ltr'>et</span> <span class='ocrx_word' id='word_1_358' title='bbox 1209 4143 1531 4206; x_wconf 70' lang='lat' dir='ltr'>suburbana»,</span> <span class='ocrx_word' id='word_1_359' title='bbox 1674 4151 1700 4187; x_wconf 75' lang='lat' dir='ltr'>t</span> <span class='ocrx_word' id='word_1_360' title='bbox 1722 4145 1816 4192; x_wconf 73' lang='lat' dir='ltr'>Bi·</span> <span class='ocrx_word' id='word_1_361' title='bbox 1854 4139 2051 4202; x_wconf 74' lang='lat' dir='ltr'>Consul]</span> <span class='ocrx_word' id='word_1_362' title='bbox 2104 4139 2168 4189; x_wconf 92' lang='lat' dir='ltr'>In</span> <span class='ocrx_word' id='word_1_363' title='bbox 2192 4138 2356 4204; x_wconf 83' lang='lat' dir='ltr'>primo</span> <span class='ocrx_word' id='word_1_364' title='bbox 2378 4140 2664 4192; x_wconf 78' lang='lat' dir='ltr'>Consulatu</span> 
     </span>
    </p>

    <p class='ocr_par' dir='ltr' id='par_1_15' title="bbox 475 4213 2553 4285">
     <span class='ocr_line' id='line_1_41' title="bbox 475 4213 2553 4285; baseline -0.001 -17"><span class='ocrx_word' id='word_1_365' title='bbox 475 4232 594 4284; x_wconf 75' lang='lat' dir='ltr'>quae</span> <span class='ocrx_word' id='word_1_366' title='bbox 631 4219 984 4269; x_wconf 85' lang='lat' dir='ltr'>libertinorum</span> <span class='ocrx_word' id='word_1_367' title='bbox 999 4238 1018 4283; x_wconf 91' lang='lat'>;</span> <span class='ocrx_word' id='word_1_368' title='bbox 1048 4225 1104 4269; x_wconf 89' lang='lat' dir='ltr'>et</span> <span class='ocrx_word' id='word_1_369' title='bbox 1147 4221 1374 4284; x_wconf 80' lang='lat' dir='ltr'>rusticae,</span> <span class='ocrx_word' id='word_1_370' title='bbox 1415 4233 1530 4285; x_wconf 77' lang='lat' dir='ltr'>quae</span> <span class='ocrx_word' id='word_1_371' title='bbox 1612 4218 1848 4282; x_wconf 79' lang='lat' dir='ltr'>Ligures,</span> <span class='ocrx_word' id='word_1_372' title='bbox 1873 4217 1928 4265; x_wconf 90' lang='lat' dir='ltr'>in</span> <span class='ocrx_word' id='word_1_373' title='bbox 1948 4213 2175 4266; x_wconf 75' lang='lat' dir='ltr'>secundo</span> <span class='ocrx_word' id='word_1_374' title='bbox 2193 4215 2388 4264; x_wconf 80' lang='lat' dir='ltr'>Persen</span> <span class='ocrx_word' id='word_1_375' title='bbox 2410 4216 2553 4266; x_wconf 82' lang='lat' dir='ltr'>vicit.</span> 
     </span>
    </p>
   </div>
  </div>
 </body>
</html>
