3144 4925
565 359 696 427 510
1181 377 1495 427 vunan
1546 377 1842 428 maxim
1894 381 2037 431 mn.
2084 381 2155 431 r.

556 522 672 606 jus
701 528 778 586 ut
803 518 1130 584 infinitam
1155 517 1438 602 gloriam
1459 520 1712 584 bellica
1737 521 1980 602 virtuS,
2001 525 2101 588 ita
2128 524 2544 609 praecipuum
2574 545 2763 591 amo-

565 643 701 690 rem
733 624 1091 689 clementia
1131 623 1392 688 meruit.
1482 622 1581 702 Is,
1610 623 1769 688 dum
1804 644 2039 690 omnes
2082 633 2314 709 gentes
2356 628 2767 711 infatigabili

567 745 767 791 cursu
807 727 1062 802 lustrat,
1091 724 1382 810 quodam
1428 724 1566 789 loci
1582 723 1642 764 ⁶0
1686 731 2084 810 tempestate
2127 730 2334 794 nivali
2366 733 2761 814 epm-essm,

567 828 758 892 senio
797 827 944 911 jam
995 827 1368 892 confectum
1419 827 1702 894 militem
1758 828 2223 909 Macedonem,
2264 833 2471 896 nimio
2515 832 2763 915 frigore

567 931 1132 1014 obstupefactum,
1153 931 1299 1012 ipse
1327 930 1600 994 sublimi
1630 938 1701 994 et
1726 933 2109 1018 propinqua
2134 934 2275 1016 igni
2304 935 2463 998 sede
2489 934 2761 1010 sedenS,

566 1031 1057 1097 animadvertit.
1147 1030 1494 1113 Factaque
1515 1051 1653 1095 non
1681 1032 1993 1111 fortunae,
2019 1034 2138 1098 sed
2168 1037 2389 1101 aetatis
2415 1037 2765 1120 utriusque

565 1133 1039 1221 aestimatione,
1057 1131 1431 1210 descendit,
1450 1139 1522 1197 et
1553 1132 1691 1197 illis
1719 1136 2054 1214 manibus,
2087 1138 2335 1220 quibus
2364 1157 2531 1222 opes
2561 1137 2761 1203 Darii

565 1235 917 1314 afflixerat,
949 1253 1188 1317 corpus
1230 1233 1473 1316 frigore
1511 1232 1930 1318 duplicatum
1946 1234 1998 1276 ⁶¹
2044 1238 2113 1302 in
2152 1259 2343 1304 suam
2376 1239 2606 1304 sedem
2632 1239 2759 1304 im·

563 1339 836 1422 posuit:
883 1343 904 1372 ‘
925 1337 1012 1402 Id
1033 1338 1097 1401 ei
1120 1337 1410 1402 salutare
1431 1337 1721 1404 futurum
1741 1334 1759 1364 ⁹
1780 1338 2093 1418 dicen8,⁶²
2131 1343 2153 1374 ‘
2175 1342 2359 1424 quod
2383 1340 2566 1424 apud
2598 1340 2759 1405 Per-

564 1459 680 1507 sas
711 1441 1046 1523 capitale*
1089 1440 1452 1518 extitisset,
1481 1441 1723 1504 solium
1750 1437 2003 1524 regium
2032 1437 2486 1525 occupasse.’*
2573 1441 2763 1520 Quid

563 1563 722 1627 ergo
751 1545 991 1608 mirum
1022 1549 1146 1619 est,
1173 1543 1232 1606 si
1261 1543 1388 1606 sub
1426 1561 1510 1605 eo
1555 1542 1727 1606 duce
1774 1547 1876 1608 tot
1903 1542 2092 1606 annis
2114 1540 2165 1589 ⁶³
2213 1543 2493 1606 militare
2514 1543 2763 1627 jucun·-

562 1645 721 1710 dum
749 1645 1104 1723 ducebant,
1133 1645 1241 1707 cui
1270 1643 1548 1727 gregarii
1591 1641 1827 1708 militis
1866 1644 2299 1710 incolumitas
2326 1648 2598 1730 proprio
2625 1647 2763 1710 fas·

559 1749 723 1832 tigio
754 1750 968 1815 carior
997 1749 1181 1813 erat‘l
1272 1746 1461 1810 Idem
1489 1766 1626 1810 non
1654 1745 1989 1811 hominum
2014 1748 2165 1826 ulli,
2194 1748 2315 1812 sed
2341 1756 2597 1813 naturae
2625 1747 2761 1812 for-

560 1857 876 1934 tunaeque
920 1850 1191 1927 cedenS,
1239 1865 1625 1932 quanquam
1675 1848 1996 1913 violentia
2043 1850 2261 1914 morbi
2312 1847 2759 1929 dilabebatur,

561 1953 630 2016 in
661 1954 959 2018 cubitum
987 1959 1207 2016 tamen
1250 1956 1535 2027 erectae,
1564 1950 1869 2014 dextram
1908 1953 2235 2030 omnibus,
2268 1955 2384 2035 qui
2424 1973 2575 2018 eam
2605 1969 2763 2017 con-

561 2053 807 2136 tingere
847 2053 1123 2130 vellent,
1165 2053 1484 2136 porrexit.
1574 2051 1747 2131 Quis
1792 2060 2017 2117 autem
2062 2052 2255 2118 illam
2293 2053 2585 2119 osculari
2626 2075 2759 2118 non

562 2154 942 2232 curreret,⁶4
981 2173 1136 2238 quae
1156 2155 1302 2237 jam
1329 2154 1471 2218 fato
1511 2171 1863 2236 oppressa,
1893 2155 2169 2219 maximi
2211 2157 2547 2220 exercitus
2577 2175 2760 2224 com·

561 2259 822 2341 plexui,
850 2257 1285 2332 humanitate,
1317 2275 1519 2339 quam
1550 2256 1817 2339 spiritu,
1847 2256 2173 2322 vividiore
2206 2256 2598 2324 suffecitvr

646 2361 710 2424 2.
757 2359 922 2424 Non
959 2364 1090 2423 tam
1142 2358 1398 2422 robusti
1441 2357 1706 2438 generis
1744 2357 2149 2437 humanitas,
2180 2360 2300 2424 sed
2350 2366 2421 2423 et
2458 2360 2615 2442 ipsa
2652 2367 2757 2424 ta·

557 2482 708 2529 men
739 2464 1058 2526 memoria
1099 2459 1572 2546 prosequenda
1618 2456 1959 2523 Pisistrati
1990 2457 2501 2526 Atheniensium
2538 2467 2759 2546 tyran·-

557 2567 629 2630 ni
679 2566 1069 2629 narrabitur.
1160 2562 1320 2642 Qui,
1361 2581 1514 2626 cum
1553 2561 1953 2627 adolescens
2002 2564 2273 2647 quidam
2322 2583 2551 2629 amore
2598 2563 2759 2628 filiae

623 2798 650 2832 ¹⁸
675 2800 798 2856 Quis
816 2804 974 2849 autem
993 2814 1086 2848 non
1107 2804 1315 2849 curreret
1337 2800 1537 2849 osculari
1571 2798 1704 2847 illam
1730 2799 1995 2857 dexteram,
2030 2798 2109 2848 cui
2126 2797 2233 2858 jam
2264 2797 2503 2859 languidae
2518 2804 2669 2848 morte
2687 2797 2760 2847 vi-

553 2864 951 2978 ἶῗσξαωτὲἴὲῗ
961 2864 1122 2928 potius
1140 2874 1278 2927 quum
1299 2863 1464 2913 vitalis
1482 2864 1682 2927 spiritus
1702 2863 1827 2911 vires
1848 2863 1998 2920 dedit,
2018 2868 2071 2912 ut
2111 2862 2343 2911 maximus
2362 2862 2493 2911 illam
2519 2864 2760 2913 exercitus

1483 3022 1538 3042 Ν
1541 3021 1835 3042 ΟΟΟΟΟΟΟΟΟΟ

551 3148 816 3195 runt—60
848 3143 1032 3203 Aldus,
1051 3146 1251 3207 quodam
1269 3146 1365 3193 loco
1382 3162 1404 3204 ,-
1433 3145 1690 3211 quomodo
1711 3145 1910 3196 Brand.
1934 3150 1981 3195 1.
1999 3148 2049 3193 2.
2073 3150 2127 3193 et
2150 3144 2399 3207 Ultraj.l.
2421 3144 2581 3193 ceteri
2601 3144 2758 3194 codd.

552 3208 644 3258 loci
665 3212 1025 3257 servant.—61
1050 3208 1200 3271 Pigh.
1217 3223 1246 3257 e
1265 3210 1416 3259 codd.
1436 3210 1743 3273 quibusdam
1764 3216 1873 3259 vet.
1895 3209 2217 3272 complicatum
2230 3225 2249 3266 ,·
2271 3215 2326 3257 et
2348 3209 2421 3255 ita
2446 3216 2529 3257 est
2554 3208 2605 3257 in
2631 3222 2760 3257 non-

552 3272 706 3321 nullis
730 3271 850 3319 edd.
873 3271 1058 3334 Ultraj.
1076 3277 1120 3320 1.
1144 3274 1200 3322 et
1225 3273 1387 3322 tribus
1411 3274 1594 3324 Leidd.
1625 3276 1676 3323 in
1700 3274 1889 3323 ceteris
1912 3273 2145 3322 omnibus
2163 3271 2469 3333 duplicatum.
2504 3271 2587 3320 cf.
2607 3273 2755 3334 virg.

551 3335 670 3385 AEn.
694 3338 1056 3384 Χιι.927.-62
1081 3336 1144 3384 In
1168 3337 1392 3402 quinque
1416 3339 1564 3389 codd.
1584 3340 1800 3388 Torren.
1836 3336 2173 3386 desideratur
2204 3336 2397 3385 diceus.-
2431 3337 2605 3399 vulgg.
2645 3336 2758 3399 ple-

549 3414 725 3462 raeque
748 3398 938 3448 habent
959 3401 1146 3449 ducem.
1212 3401 1344 3449 Mox
1366 3403 1498 3453 liber
1523 3403 1759 3453 Lavernii
1781 3415 1981 3451 erasnm
2005 3401 2233 3449 nonnihil
2261 3400 2421 3448 babet
2461 3414 2641 3448 vocem
2677 3414 2754 3447 oo-

550 3464 685 3523 lium,
701 3470 754 3512 et
780 3464 925 3526 quasi
944 3465 1095 3512 solum
1116 3466 1672 3529 superscriptam—63
1700 3468 1745 3514 A
1768 3466 1916 3515 Leid.
1940 3470 1986 3515 1.
2008 3465 2156 3514 abest
2178 3468 2252 3513 tot
2282 3464 2567 3514 annia-64
2601 3463 2691 3512 Ita
2724 3479 2757 3512 e

552 3526 710 3577 codd.
747 3527 963 3590 Pighius
984 3543 1001 3587 ;
1033 3528 1108 3577 ita
1141 3528 1297 3577 etiam
1320 3531 1514 3581 Brund.
1539 3536 1586 3580 1.
1608 3536 1657 3581 2.
1678 3537 1733 3580 et
1755 3530 1987 3594 plerique
2009 3529 2223 3578 Torren.
2243 3544 2359 3577 cum
2379 3530 2504 3577 Vet.
2528 3539 2586 3578 et
2610 3528 2756 3592 Mog.

549 3597 734 3642 cureret
758 3591 902 3641 Leid.
925 3596 974 3640 5.
999 3598 1055 3640 et
1077 3593 1268 3655 copes.
1290 3594 1426 3643 unde
1450 3595 1692 3645 Perizon.
1736 3594 1871 3656 conj.
1904 3598 2092 3657 cuperet
2106 3611 2128 3652 ,·
2162 3592 2351 3643 Leidd.
2392 3596 2439 3641 1.
2462 3599 2512 3641 5.
2536 3598 2585 3643 6.
2618 3606 2757 3643 eura-

550 3662 625 3706 ret
638 3672 660 3717 ;
691 3664 748 3707 et
771 3657 846 3705 sic
870 3654 1027 3706 Aldd.
1053 3656 1217 3707 Colin.
1235 3657 1512 3723 Grypb.et
1533 3660 1718 3723 Steph.
1737 3658 1996 3722 probante
2021 3657 2231 3718 Gudi03
2264 3662 2398 3707 curet
2417 3657 2569 3709 Harl.
2592 3672 2755 3708 occur-

1541 3800 1757 3853 1501·AE

612 3921 640 3949 ¹
658 3917 800 3978 Apud
833 3916 1006 3965 Penas
1024 3913 1248 3978 capitale]
1299 3912 1456 3977 Apud
1480 3930 1610 3978 qnos
1687 3913 1778 3964 lib.
1802 3928 1842 3964 r.
1866 3928 1981 3977 cap.
1999 3917 2049 3965 2.
2070 3928 2209 3963 num.
2228 3918 2280 3963 2.

549 3990 638 4038 lex
659 3998 806 4039 erat:
841 3990 856 4018 ‘
873 3991 927 4041 Si
953 3991 1064 4055 quis
1082 3991 1132 4039 in
1163 3991 1296 4039 solio
1316 3990 1465 4052 regio
1489 4003 1610 4039 con·
1752 3988 1783 4017 ὓ
1806 3988 1905 4037 An.
1930 3988 2009 4036 M.
2032 3991 2180 4037 3726.
2216 3987 2437 4037 01.113.
2454 3993 2501 4037 l.
2537 3988 2670 4039 Urb.
2688 3990 2750 4057 c.-

549 4058 767 4124 Sederit,
787 4066 978 4127 capital
1016 4065 1165 4116 esto!
1219 4066 1496 4115 Frontinus
1517 4066 1609 4115 lib.
1687 4068 1802 4114 425.
1840 4064 1963 4113 Ant.
1988 4063 2079 4114 Ch.
2100 4067 2213 4114 327.

550 4152 626 4187 iv.
664 4138 750 4185 De
791 4145 956 4187 morte
994 4139 1275 4189 Alexandri
1300 4141 1388 4190 lib.
1421 4153 1462 4190 1.
1490 4155 1607 4204 cap.
1752 4148 1775 4194 r
1799 4138 1899 4188 An.
1922 4140 1999 4187 M.
2022 4142 2171 4189 3730.
2206 4138 2421 4190 otiu.
2446 4146 2493 4190 1.
2528 4138 2663 4190 vrb.
2686 4140 2755 4191 C.

548 4218 597 4263 7.
621 4226 761 4264 num.
784 4214 832 4263 2.
898 4214 984 4263 De
1023 4214 1287 4264 Pisistrati
1328 4216 1604 4277 tyrannide
1685 4220 1800 4266 429.
1834 4219 1957 4265 Ant.
1980 4216 2073 4265 Ch.
2097 4218 2211 4263 323.
