3144 4925
531 373 665 440 778
1107 385 1427 448 vannnu
1478 385 1768 436 qulm
1819 387 1961 436 ms.
2008 387 2171 436 vm.

536 531 687 598 nias
726 531 1015 597 Deorum
1036 532 1451 597 ordinasset:
1480 537 1553 596 nt
1579 533 1752 594 enim
1781 529 1854 594 in
1879 531 2080 595 rebus
2109 531 2300 595 seriis
2323 531 2744 609 Scaevolam,‘

539 633 639 698 ita
680 638 747 697 et
789 635 859 698 in
889 633 1218 699 scenicis⁹
1263 633 1531 697 lusibus
1574 631 1908 696 hominem
1953 633 2225 714 agebat:
2268 652 2470 714 quem
2513 652 2728 696 rerum

542 742 787 802 natura
808 736 1107 802 continui
1134 733 1389 800 laboris
1416 734 1781 816 patientem
1811 751 1967 797 esse
1995 751 2128 800 uon
2154 733 2360 797 sinin*

1447 896 1837 946 Ex'rssRNA.

544 1001 562 1018 ’
630 1005 699 1069 1.‘
745 1004 964 1088 quue
993 1003 1187 1080 vidit,
1230 1003 1341 1066 cui
1391 1002 1576 1066 nulla
1632 1020 1792 1084 pars
1847 1000 2200 1084 sapientiae
2252 1001 2540 1066 obscura
2569 1003 2734 1080 fuit,

442 1161 453 1172 .
545 1106 891 1172 Socrates:
938 1105 1228 1188 ideoque
1255 1123 1390 1167 non
1420 1102 1686 1168 erubuit
1711 1108 1893 1179 tunc,
1923 1123 2077 1166 cum
2105 1103 2499 1186 interposita
2541 1123 2735 1168 arun-

549 1209 702 1272 dine
729 1209 1024 1274 cruribus
1055 1207 1221 1283 suisa,
1250 1225 1405 1270 cum
1434 1204 1738 1288 parvulis
1765 1205 1994 1270 filiolis
2011 1205 2248 1270 ludens
2277 1208 2366 1270 ab
2387 1206 2738 1272 Alcibiade

547 1311 727 1376 risus
756 1314 982 1374 est.¹0‡

636 1411 700 1475 2.
748 1412 1085 1477 Homerus
1136 1430 1426 1494 quoque,
1476 1409 1721 1492 ingenii
1772 1410 2074 1476 coelestis
2127 1415 2341 1487 valeri,
2385 1428 2516 1472 non
2561 1409 2741 1474 aliud

556 1513 789 1592 sensit,
835 1512 1437 1579 vehementissimis
1489 1510 1782 1578 Achillis
1801 1507 1824 1546 f
1879 1512 2188 1610 manibgis
2242 1531 2524 1576 canoras
2574 1511 2742 1574 fides

554 1778 787 1828 nius.-9
817 1777 929 1829 ‘Ita
964 1778 1117 1842 plane
1139 1777 1294 1828 habet
1310 1777 1434 1828 Vet.
1476 1779 1717 1843 vestigia
1751 1779 1900 1843 hujus
1932 1778 2173 1827 lectionis
2197 1784 2318 1826 sunt
2342 1777 2394 1825 in
2418 1776 2592 1826 multis
2615 1775 2745 1824 Mss.

594 1857 775 1892 uorum
800 1844 907 1905 alil,
926 1843 980 1892 in
1000 1844 1165 1905 scenis,
1187 1844 1251 1892 al.
1278 1844 1473 1906 imis,
1508 1845 1576 1894 al.
1606 1843 1658 1893 in
1693 1846 1847 1905 scoeis,
1879 1843 1933 1891 in
1953 1843 2223 1892 scm-rilibus
2249 1842 2460 1902 habent,
2497 1841 2630 1889 unde
2654 1841 2752 1888 viri

558 1859 704 1958 aocti
730 1908 870 1971 conj.
890 1909 944 1957 in
970 1908 1125 1968 seriis,
1152 1908 1206 1956 in
1226 1907 1468 1970 senilibus,
1491 1907 1544 1956 in
1582 1909 1745 1970 coenis,
1776 1909 1830 1955 in
1850 1907 2116 1968 turrilibus,
2135 1907 2188 1954 iu
2208 1905 2447 1966 serotinis,
2465 1904 2517 1953 in
2538 1904 2752 1964 heroicis,

560 1973 614 2020 in
656 1971 804 2032 ωιιίε,
833 1972 888 2019 in
918 1971 1177 2032 sterilibus,
1215 1975 1269 2020 in
1295 1971 1554 2030 futilibus3
1591 1987 1705 2036 qnae
1747 1971 1883 2036 conj.
1927 1985 2098 2019 omnes
2131 1968 2310 2018 futiles
2344 1969 2467 2017 mihi
2491 1968 2753 2017 videntur.

558 2035 730 2097 Vulgo
754 2035 951 2084 editum
975 2043 1056 2084 est
1076 2037 1129 2083 in
1149 2036 1439 2096 scum-ilibus,
1458 2039 1551 2097 pro
1575 2051 1677 2099 quo
1701 2049 1800 2097 ego
1823 2035 2100 2084 lectionem
2117 2036 2239 2083 Vct.
2254 2034 2306 2082 in
2321 2033 2516 2082 scenicis
2532 2031 2755 2094 reposui.

559 2098 645 2148 An
670 2106 813 2149 recte
834 2095 1070 2158 fecerim,
1092 2099 1317 2148 viderint
1342 2099 1516 2162 periti.
1572 2102 1588 2127 ‘
1606 2099 1846 2150 Scurrilis
1869 2101 2005 2148 lusus
2021 2098 2037 2121 '
2069 2106 2151 2148 est
2172 2112 2330 2161 supra
2351 2112 2453 2146 vu.
2473 2101 2523 2146 8.
2546 2098 2598 2144 in
2620 2095 2758 2145 fine?

565 2165 725 2226 Kopp.
792 2167 807 2190 ⁶
827 2163 889 2211 In
909 2163 1183 2211 scurrilibus
1204 2171 1406 2212 veteres
1430 2163 1569 2226 typis
1591 2165 1846 2226 expressi,
1883 2169 1940 2212 et
1963 2176 2093 2212 unus
2118 2163 2241 2212 item
2265 2162 2461 2210 Brand.
2484 2160 2636 2209 Alter
2661 2175 2756 2224 pro

562 2229 617 2276 in
638 2226 913 2276 scurrilibus
934 2227 1091 2277 babet
1107 2227 1158 2274 in
1172 2227 1321 2274 scenis
1333 2243 1353 2284 ,·
1386 2227 1477 2276 sed
1498 2227 1574 2276 ita
1597 2235 1655 2276 ιιι
1678 2227 1824 2277 initio
1849 2227 2088 2277 videntur
2109 2227 2361 2289 scriptum
2395 2227 2553 2275 fuisse
2583 2226 2637 2272 in
2656 2240 2760 2274 sce-

564 2291 717 2340 nibus.
780 2289 886 2338 Sed
926 2298 981 2339 et
1012 2291 1226 2349 Pighius
1260 2291 1312 2339 in
1353 2291 1549 2355 aliquot
1590 2292 1742 2342 codd.
1763 2292 1964 2341 invenit
1987 2292 2040 2340 iu
2075 2292 2259 2351 scenis5
2293 2291 2420 2339 etin
2446 2289 2760 2339 unoinsenis.

564 2354 719 2405 Unde
742 2355 828 2402 ille
845 2355 1057 2418 conjicit
1080 2353 1355 2418 legendnm
1379 2369 1489 2404 esse
1510 2355 1702 2404 inseriis
1719 2355 1898 2405 lusibus
1912 2372 1932 2413 ,-
1975 2363 2035 2404 ut
2066 2355 2257 2404 inssi-iis
2278 2355 2347 2405 sit
2371 2369 2467 2418 pro
2489 2369 2579 2402 non
2599 2353 2758 2402 seriis.

563 2419 699 2470 Dan.
722 2418 881 2468 babet
903 2419 953 2469 in
971 2419 1122 2469 scoeis.
1186 2419 1327 2469 Satis
1356 2428 1598 2485 apparet,
1623 2421 1898 2470 scurrilibus
1917 2420 2125 2470 minime
2153 2420 2452 2483 genuinum,
2475 2432 2672 2483 proque
2695 2432 2760 2467 eo

567 2484 708 2533 aliud
729 2483 1003 2547 legendnm
1028 2498 1160 2532 esse.
1224 2485 1389 2535 Janus
1412 2485 1718 2547 Rutgersius
1742 2485 2014 2549 legendum
2048 2491 2200 2549 putat
2233 2487 2284 2533 in
2313 2484 2556 2546 senilibus,
2593 2484 2677 2531 vel
2708 2484 2765 2532 in

566 2548 709 2611 senis,
726 2556 819 2598 ant
831 2548 885 2597 iu
902 2549 1083 2605 scenii,·-
1106 2546 1242 2612 quia,
1266 2554 1321 2597 ιιι
1340 2549 1580 2599 Sidonius
1595 2549 1758 2611 dicat,
1778 2552 1892 2600 ales
1907 2564 2087 2598 senum
2105 2550 2560 2609 oblectamentum,
2584 2556 2641 2596 ιιι
2660 2548 2768 2610 pilo

561 2614 835 2677 juvenum.
900 2614 971 2663 Et
1006 2626 1129 2663 sane
1162 2614 1461 2675 conjectura
1504 2615 1593 2662 illa
1633 2614 1774 2676 prior
1809 2614 2028 2677 juvatur
2061 2628 2143 2675 eo,
2176 2615 2312 2677 qnod
2347 2614 2398 2660 in
2423 2626 2526 2661 uno
2565 2611 2761 2661 Brund.

568 2678 717 2727 initio
758 2684 818 2727 ιιι
860 2677 993 2738 dixi,
1035 2677 1287 2741 scriptum
1330 2678 1464 2727 fuit:
1500 2678 1553 2726 in
1589 2678 1832 2727 sccuibusfl¹
1863 2679 2035 2727 Vorst.
2101 2679 2117 2705 ‘
2134 2677 2393 2726 Klokkins
2429 2677 2658 2739 proxime
2696 2674 2765 2723 ad

570 2742 853 2806 Pighiunos
875 2742 1035 2791 libros
1058 2742 1188 2805 legit
1208 2742 1260 2789 iu
1280 2742 1426 2790 sonis.
1490 2742 1606 2793 Van
1629 2742 1998 2805 Bynkerslroek
2021 2741 2162 2790 varie
2185 2756 2390 2806 quoque
2413 2741 2463 2790 h.
2489 2744 2524 2790 l.
2547 2738 2765 2790 fluctua-

568 2806 667 2868 vit,
689 2806 845 2855 modo
867 2806 1110 2855 dubitans
1151 2820 1218 2854 an
1251 2806 1473 2855 scurriles
1490 2820 1670 2855 omnes
1693 2807 1832 2854 lusus
1855 2806 1961 2855 dici
1982 2814 2193 2869 possent
2213 2814 2460 2869 respectu
2495 2806 2768 2864 Scaevolae,

572 2875 629 2921 et
652 2870 735 2919 vel
757 2869 1006 2934 Auguris,
1027 2871 1111 2919 vei
1134 2868 1436 2919 Pontificis:
1465 2875 1574 2918 tum
1596 2884 1660 2919 an
1675 2870 1898 2919 scurriles
1919 2877 2132 2934 possent
2153 2870 2322 2932 accipi
2339 2886 2434 2933 pro
2444 2868 2735 2930 jocularibus
2752 2886 2772 2919 .-

572 2933 733 2983 etiam
758 2948 823 2983 sn
847 2933 1112 2984 emendari
1135 2940 1331 2998 posset,
1349 2934 1608 2995 sterilibus,
1625 2935 1713 2982 vel
1726 2934 1968 2993 futilibus.
2033 2934 2137 2984 Sed
2163 2935 2287 2983 nihil
2308 2935 2486 2999 horum
2505 2948 2621 2983 cnm
2643 2934 2770 2981 satis

573 2998 831 3062 placeret,
852 3000 1061 3062 propius
1082 2998 1333 3047 accedere
1353 2998 1635 3061 existimat,
1653 2998 1695 3046 si
1714 2999 1940 3061 legatur,
1953 2999 2230 3058 tui-ritibus.-
2264 3007 2322 3048 ιιι
2349 3001 2520 3048 ‘lusus
2540 2996 2770 3058 turrilis,'

575 3062 647 3111 sit
668 3064 808 3111 lusus
832 3063 983 3124 alvei,
1003 3063 1078 3111 ita
1100 3061 1272 3111 dictus
1292 3076 1323 3111 a
1346 3064 1362 3090 ‘
1382 3063 1513 3112 turri
1528 3062 1543 3085 ’
1577 3062 1686 3112 sive
1701 3064 1716 3089 ‘
1732 3062 1949 3127 Pyrgo,²
1983 3064 2239 3127 quomodo
2255 3064 2547 3127 promiscue
2569 3069 2773 3111 veteres

577 3127 837 3177 vocabunt
882 3128 1145 3176 vasculum
1190 3125 1337 3188 illud,
1374 3141 1405 3175 e
1449 3141 1553 3190 quo
1597 3126 1690 3177 tali
1733 3133 1790 3177 et
1831 3134 2040 3177 tesserae
2081 3128 2428 3190 ejiciebantur
2462 3128 2513 3175 in
2553 3129 2772 3176 alveum.

579 3190 846 3239 Sonterius
870 3190 935 3239 de
969 3190 1303 3241 Aleatoribus
1328 3205 1448 3253 cap.
1473 3194 1552 3240 17.
1588 3191 1716 3240 dicit
1734 3192 2030 3241 Pontanum
2051 3192 2258 3255 legisse,
2279 3192 2332 3242 iu
2353 3192 2621 3241 Serotinis:
2655 3190 2774 3239 ideo

581 3252 716 3317 quod
741 3253 962 3303 inlibris
986 3254 1289 3317 Anglicsnis
1312 3255 1586 3304 invenerat
1609 3254 1785 3303 Servis.
1851 3255 2139 3305 Scriverius
2171 3256 2502 3313 emendabat,
2525 3258 2578 3303 in
2600 3255 2777 3304 Heroi-

581 3319 669 3378 cis,
688 3317 770 3365 vel
790 3318 844 3366 in
866 3318 1045 3367 Herois
1058 3334 1075 3367 .-
1111 3319 1222 3379 ipse
1240 3318 1509 3368 Sonterius
1533 3318 1744 3368 videtur
1763 3321 1940 3383 potius
1959 3319 2016 3369 rb
2035 3322 2310 3369 scurrilibus
2330 3336 2425 3385 pro
2449 3321 2776 3369 Glossemate

584 3382 916 3445 expunxisse,
951 3396 1049 3432 nec
1090 3381 1440 3431 necessarium
1468 3382 1734 3446 judicare,
1767 3390 1826 3433 ut
1861 3383 1918 3432 τὸ
1939 3384 2115 3433 lusibus
2137 3384 2367 3435 additum
2392 3385 2461 3434 sit
2491 3385 2779 3446 epitheton.

584 3447 632 3495 E
650 3446 835 3509 quibus
858 3446 1073 3510 quisque
1097 3446 1307 3508 probet,
1329 3446 1468 3510 qnod
1492 3446 1733 3496 voluerit.
1799 3448 1933 3497 Mihi
1949 3462 2046 3497 nec
2068 3449 2284 3507 Heroici,
2307 3462 2404 3498 nec
2429 3449 2638 3497 Ser-otini
2655 3448 2780 3496 luscis

581 3510 665 3559 hic
703 3511 931 3573 placent.
1000 3510 1209 3575 Turriles
1238 3512 1386 3569 lusus,
1428 3524 1616 3559 vereor
1647 3512 1802 3561 etiem
1838 3520 1898 3562 ιιι
1919 3512 2036 3561 nilo
2059 3512 2164 3561 alio
2187 3516 2298 3565 loco
2322 3514 2530 3577 probari
2564 3512 2783 3575 possint,

586 3582 646 3622 ut
670 3582 724 3623 et
743 3575 907 3637 ipsum
932 3574 1204 3638 epitheton
1224 3574 1427 3623 turrilis.
1483 3573 1651 3623 Codd.
1685 3576 1848 3624 nostri
1868 3577 2061 3625 habent
2083 3576 2248 3626 Paris.
2269 3586 2390 3627 tert.
2412 3577 2571 3625 Barb.
2595 3584 2651 3625 et
2669 3576 2778 3626 Bit.

586 3638 761 3703 primi,
786 3638 933 3688 Leid.
960 3639 1109 3701 prim.
1129 3651 1233 3688 sec.
1256 3644 1379 3688 tert.
1398 3644 1456 3687 et
1474 3638 1669 3707 Ultraj.
1691 3652 1797 3689 sec.
1823 3641 1895 3688 ita
1917 3642 1970 3689 in
1991 3643 2268 3690 scurrilibus
2289 3643 2502 3699 lusibus‚·
2537 3643 2700 3704 quint.
2722 3647 2778 3688 et

585 3710 725 3753 sext.
746 3704 797 3752 in
818 3703 1089 3752 scurrilibus
1110 3702 1315 3751 luxibus.
1380 3701 1489 3752 Ult.
1533 3703 1683 3766 prim.
1726 3704 1779 3751 in
1809 3706 2032 3755 sceuibus.
2066 3705 2217 3755 Harl.
2252 3715 2307 3754 et
2346 3706 2490 3755 Leid.
2525 3711 2694 3768 quart.
2724 3704 2779 3752 in

589 3768 753 3817 scenis.
824 3767 955 3816 Mihi
992 3768 1214 3815 maxime
1247 3767 1447 3816 arridet
1484 3767 1747 3829 Rntgersii
1781 3769 2095 3833 conjectura,
2129 3770 2186 3819 In
2218 3769 2472 3819 senilibus!
2504 3770 2784 3818 Tor-ren.—

590 3836 654 3881 10
690 3834 925 3883 Quatuor
959 3831 1113 3881 codd.
1142 3831 1455 3882 Torreniani
1490 3840 1546 3881 et
1571 3832 1690 3881 Vet.
1723 3833 1908 3883 derisus
1941 3838 2048 3895 σας
2079 3834 2319 3884 Perizon.
2341 3835 2445 3898 legi
2475 3834 2632 3899 jussit
2653 3832 2780 3881 visus

590 3901 680 3960 est,
696 3896 1026 3961 improbante
1045 3896 1271 3961 Kappio.

1580 3991 1798 4043 NOTAE

660 4098 684 4143 'l
720 4088 821 4141 An.
842 4091 921 4139 M.
954 4094 1101 4140 8894.
1124 4089 1213 4140 Ol.
1234 4094 1349 4141 155.
1372 4094 1419 4141 l.
1434 4088 1567 4138 Urb.
1593 4088 1655 4139 C.
1723 4094 1839 4139 339.
1888 4089 2012 4141 Ant.
2035 4091 2130 4141 Ch.
2151 4094 2267 4141 413.

599 4174 713 4223 593.
733 4173 856 4223 Ant.
878 4175 971 4223 Ch.
994 4180 1107 4224 159.
1789 4166 1813 4199 f
1838 4166 2064 4233 Achillis]
2088 4166 2288 4216 Pelidis
2312 4171 2367 4215 et
2389 4164 2629 4214 Thetidis
2651 4164 2787 4215 filius

664 4247 815 4308 ssAn.
837 4250 914 4299 M.
938 4254 1085 4301 864⁰.
1134 4251 1319 4301 ohel.
1341 4254 1389 4300 3.
1440 4248 1572 4299 Urb.
1597 4249 1660 4298 C.
1726 4260 1759 4295 a
1795 4244 1971 4294 Poe'tis
2007 4242 2253 4308 fingitur3
2286 4247 2341 4291 et
2370 4240 2696 4306 Graecorum,
2729 4248 2788 4291 ιιι
2841 4288 2850 4293 .
