3144 4925
810 441 971 489 cAr.
1006 440 1117 489 xi.
1165 440 1262 488 nn
1309 440 1642 489 turnonii
1692 441 1963 505 moris,
2009 431 2130 492 διο.
2429 427 2558 492 873
2620 476 2628 486 .

2046 584 2065 610 2

375 583 488 648 lud
514 581 575 646 si
620 601 799 664 aqua
843 601 978 645 non
1026 586 1353 664 potuere,9
1397 584 1584 646 ruina
1635 584 2042 665 extinguam.
2151 583 2367 661 Quem
2397 585 2560 667 quid

376 682 554 747 aliud
596 682 1081 757 existimemuS,
1112 701 1313 763 quam
1361 683 1792 747 conscientiae
1839 683 2124 746 stimulis
2151 690 2374 748 actum
2413 703 2456 748 a
2483 703 2558 747 se

375 784 756 848 inchoatum
786 780 1212 866 parricidium
1236 791 1287 820 ¹⁰
1330 785 1664 864 peregisse
1681 785 1736 845 ‘lt

456 886 520 948 4.
568 882 1071 947 Consternatum
1116 883 1318 947 etiam
1372 881 1590 965 Magii
1618 883 1914 947 Chilonis
1961 883 2250 949 amentia
2280 891 2556 966 pectus:

372 985 485 1067 qui
516 983 615 1047 Μ.
648 982 973 1047 Marcello
994 988 1019 1017 ·
1060 981 1293 1045 datum
1324 1002 1366 1046 a
1396 981 1665 1047 Caesare
1693 984 2026 1066 spiritum,
2059 1003 2186 1048 sua
2211 1004 2407 1048 manu
2433 986 2558 1048 eri-

369 1085 537 1166 puit.
625 1083 844 1147 Vetus
896 1083 1150 1147 amicus
1200 1089 1267 1146 et
1313 1083 1750 1165 Pompeianae
1776 1093 1823 1122 ¹¹
1872 1086 2128 1150 militiae
2177 1104 2427 1161 comeS,
2457 1086 2556 1149 in-

370 1184 683 1266 dignatus
729 1183 1018 1266 aliquem
1065 1184 1425 1248 amicorum
1471 1185 1557 1248 ab
1600 1204 1680 1247 eo
1720 1185 1850 1248 sibi
1900 1185 2218 1267 praeferri.
2303 1184 2556 1248 Urbem

368 1285 543 1348 enim
572 1304 615 1347 a
646 1279 1031 1365 Mitylenis,f
1068 1302 1202 1365 quo
1247 1303 1323 1346 se
1364 1285 1752 1360 contulerat,
1780 1291 2201 1368 repetentem,
2245 1285 2314 1348 in
2342 1283 2554 1349 Athe-

364 1385 687 1448 niensium
730 1390 927 1466 portu
978 1385 1269 1467 pugione
1329 1384 1676 1462 confodit,B
1719 1387 2154 1470 protinusque
2201 1386 2287 1448 ad
2335 1386 2552 1450 irrita-

363 1491 587 1550 menta
612 1485 905 1549 vesaniae
951 1504 1093 1550 suae
1142 1485 1531 1551 trucidanda
1585 1486 1911 1565 tetendit:
1958 1485 2274 1558 amicitiae
2317 1486 2551 1566 hostiS,

426 1692 451 1716 ⁰
469 1684 788 1748 Protinusque
805 1685 1011 1748 seipsum
1029 1683 1217 1734 semia
1237 1683 1473 1748 agitatum
1494 1684 1769 1736 trucidavit.

1273 1838 1359 1859 ΝΟ
1364 1838 1422 1858 00
1428 1839 1571 1859 OOC„
1577 1837 1633 1858 ‘O

358 1958 391 2002 9
422 1953 439 1982 ‘
458 1953 644 2016 copes.
664 1967 781 2003 cum
806 1953 970 2006 tribus
992 1951 1106 2004 aliis
1126 1956 1323 2013 potero,-
1357 1952 1493 2014 qnod
1534 1950 1712 2001 forsan
1749 1966 1848 2001 non
1872 1952 2233 2014 spernendum.
2240 1951 2255 1974 ⁹
2288 1953 2549 2002 Tor-ren.—

358 2021 421 2066 lo
454 2017 472 2044 ‘
490 2017 575 2066 Ita
594 2017 748 2066 habet
770 2019 892 2066 Vet.
914 2031 1028 2066 eum
1052 2014 1306 2064 nonnullis
1327 2016 1540 2064 Torren.
1560 2015 1714 2064 codd.
1757 2017 1952 2065 Sensus
1974 2023 2056 2065 est
2079 2018 2276 2065 clarus·
2304 2016 2548 2076 Catilina,

356 2095 507 2144 quen
530 2082 722 2129 stimuli
744 2081 1077 2130 conscientiae
1096 2084 1328 2141 egerant,
1362 2078 1469 2126 sive
1508 2080 1595 2141 qui
1632 2081 1745 2142 ipse
1785 2094 1975 2140 negare
1999 2094 2097 2128 non
2105 2087 2340 2192 “poterat
2360 2081 2550 2142 scelus,

351 2157 479 2192 voce
503 2158 593 2191 sua
617 2144 851 2206 improba
886 2144 1182 2193 inchoatum
1204 2157 1233 2191 a
1256 2156 1310 2190 se
1335 2141 1668 2204 parricidium
1691 2144 1909 2206 peregit.
1975 2145 2120 2192 Mani
2147 2149 2255 2192 este
2279 2157 2546 2207 opponun-

352 2213 439 2255 tur
456 2207 722 2256 incltoaeoem
740 2215 795 2257 et
818 2208 1069 2270 peregisse.
1136 2205 1309 2256 Actum
1330 2220 1427 2254 non
1452 2213 1530 2255 est
1552 2207 1950 2267 substantivum,
1985 2208 2079 2256 sed
2115 2207 2444 2269 participium
2467 2220 2546 2254 re-

351 2268 621 2320 ferendum
642 2271 707 2319 ad
736 2272 904 2333 Quem,
929 2272 1040 2320 scil.
1083 2270 1376 2320 Catilinam.
1412 2270 1627 2332 Pighius
1667 2278 1721 2319 et
1760 2271 2004 2320 Colerus:
2038 2275 2243 2320 actuma
2265 2284 2314 2318 se
2334 2269 2544 2318 inchoati

345 2334 629 2395 parricidii3
663 2335 841 2382 Vorst.
880 2341 935 2382 et
972 2333 1683 2382 Torren.actumsimu1am·um
1703 2349 1734 2381 a
1753 2348 1802 2381 se
1823 2334 2030 2382 inchoati
2062 2333 2334 2396 parricidii,
2368 2333 2544 2382 edide-

346 2403 486 2447 runt.
552 2397 657 2446 Sed
691 2399 987 2446 simulacrum
1024 2397 1077 2444 in
1116 2395 1266 2445 codd.
1306 2409 1407 2442 non
1447 2395 1728 2452 invenitur,
1761 2403 1815 2444 et
1851 2411 1882 2444 ιι
1921 2398 2207 2458 glossatore
2240 2398 2350 2444 sine
2388 2396 2544 2445 dubio

346 2461 579 2510 additum
603 2465 701 2510 est.
772 2461 891 2509 Non
915 2474 1035 2521 ergo
1057 2457 1287 2507 dubitavi
1327 2457 1622 2515 lectionem,
1653 2474 1766 2521 quae
1801 2466 1856 2507 et
1892 2459 2088 2509 idoneis
2111 2460 2327 2508 testibus
2350 2459 2549 2521 nititur,

346 2531 403 2574 et
434 2524 553 2573 huic
589 2525 707 2572 loco
746 2522 1055 2571 conveniens
1095 2529 1196 2581 est,
1231 2534 1492 2570 revocare.
1559 2521 1696 2569 Vide
1738 2522 1976 2584 Exempl.
2015 2526 2064 2570 6.
2099 2523 2224 2570 ‘Bis
2261 2522 2544 2585 parricida,

347 2588 557 2638 consilio
582 2588 741 2649 prius,
772 2586 959 2635 iterum
982 2582 1321 2647 spectaculo!
1386 2585 1695 2645 Exempl.·'1.
1727 2584 1742 2611 ⁴
1763 2584 1970 2636 Quanto
2004 2584 2138 2633 enim
2181 2586 2344 2632 levius
2376 2586 2544 2633 scelus

344 2657 445 2711 est,
477 2652 559 2700 cui
585 2649 937 2701 tantummodo
968 2662 1145 2697 uranus
1182 2646 1366 2695 abest!
1436 2647 1645 2695 Mecum
1681 2644 1812 2694 facit
1847 2663 2048 2711 quoque
2085 2647 2375 2709 Torrenius‚
2416 2647 2543 2696 licet

341 2716 666 2764 Vorstisnam
686 2714 963 2762 lectionem
985 2708 1340 2773 expresserit!
1376 2711 1536 2772 Kapp.
1538 2714 1666 2757 -11
1710 2711 1858 2760 Vetus
1893 2712 2036 2759 etiam
2073 2711 2244 2772 Pomp.
2277 2712 2358 2767 διο.
2393 2711 2543 2771 Pigb.

342 2792 409 2827 ex
431 2786 655 2842 quatuor
674 2776 825 2827 codd·
897 2776 1041 2825 Vetus
1063 2776 1241 2824 ωιιίσιιι
1259 2773 1403 2823 etiam
1424 2788 1553 2822 unus
1572 2774 1770 2823 Brund.
1844 2774 1986 2822 Vetus
2007 2779 2055 2824 ee
2080 2776 2244 2835 Pomp.
2282 2780 2385 2821 tres
2420 2775 2546 2825 Tor-

1332 2910 1544 2961 NOTAE

344 3023 556 3085 assedit,
576 3024 797 3072 demisso
820 3023 984 3084 vultu,
1019 3035 1147 3071 voce
1183 3019 1404 3083 supplici
1487 3021 1799 3077 negaveram
1836 3015 1924 3063 sed
1949 3014 2110 3065 totius
2133 3014 2352 3062 Senatus
2376 3013 2542 3075 preci-

343 3100 609 3161 postulare
637 3112 669 3146 a
708 3097 952 3146 Patribus
995 3096 1176 3158 coepit,
1214 3108 1278 3143 ne
1316 3107 1406 3141 ex·
1486 3090 1587 3138 bus
1611 3090 1800 3152 victus,
1824 3090 1897 3137 illi
1917 3097 1972 3139 et
1996 3090 2213 3139 salutem
2238 3095 2293 3137 et
2316 3085 2540 3138 reditum

342 3175 633 3223 istimsrent
668 3172 763 3222 sibi
804 3170 1027 3235 patricio
1064 3170 1173 3219 viro
1196 3167 1401 3231 perdita
1482 3164 1768 3213 concessit.
1807 3178 1926 3211 cum
1961 3164 2132 3220 multi,
2169 3168 2276 3211 tum
2316 3162 2430 3226 ipse
2454 3161 2540 3210 Ci-

342 3248 549 3311 Repub.
567 3262 693 3312 opus
716 3261 852 3309 esse,
873 3260 991 3295 cum
1017 3259 1129 3293 eam
1164 3247 1398 3292 servaret
1478 3253 1600 3287 cero
1639 3239 1868 3302 eleganti
1908 3238 2138 3287 oratIone
2183 3238 2374 3300 gratias
2423 3237 2540 3300 egit

343 3325 417 3373 M.
443 3324 641 3373 Tullius
676 3322 954 3387 inquilinus
977 3319 1107 3369 civis
1134 3318 1269 3367 urbis
1294 3319 1393 3366 Ro·
1478 3314 1693 3363 Caesari.

339 3412 478 3447 mae:
507 3398 706 3447 adhaec
740 3397 1046 3458 obstrepere
1069 3408 1261 3449 omnes,
1282 3394 1393 3441 hos·
1539 3387 1883 3451 ‘Mityleniq
1937 3387 2194 3451 Mitylene
2239 3385 2360 3435 urbs
2410 3384 2532 3435 olim

341 3481 451 3522 tem
482 3481 536 3522 et
568 3472 875 3535 parricidam
914 3484 1125 3519 vocare.
1166 3474 1272 3517 tum
1306 3468 1395 3516 ille
1474 3464 1696 3513 maxime
1717 3464 1770 3512 in
1796 3463 1981 3525 Lesbo,
2007 3463 2151 3525 cujus
2185 3461 2389 3510 nomine
2417 3465 2534 3509 tota

340 3546 671 3611 furibundus,
691 3546 895 3610 inquit.
929 3545 1391 3610 ‘Quandoquidem
1472 3540 1644 3590 insula
1667 3540 1923 3602 Mitylene
1943 3538 2097 3601 vulgo
2137 3536 2363 3594 dicitur,
2349 3550 2361 3562 ·
2396 3548 2532 3593 nune

334 3637 433 3686 ego
451 3623 827 3672 circumventus
842 3619 907 3669 sb
923 3619 1141 3669 inimicis
1160 3633 1392 3681 proeceps
1472 3614 1697 3664 Metelin.

339 3714 499 3763 agot-3
532 3698 825 3748 incendium
847 3711 1017 3746 meum
1038 3704 1211 3745 vestra
1245 3696 1393 3744 ruina
1534 3698 1561 3733 3
1594 3688 1812 3750 Pusione
1849 3686 2080 3750 confodit]
2124 3684 2274 3733 Illius
2313 3687 2533 3732 mortem

338 3772 703 3837 restinguan
670 3807 684 3821 .
726 3770 916 3820 deinde
932 3784 998 3819 ex
1014 3770 1171 3820 Curia
1184 3770 1390 3819 domum
1469 3765 1722 3815 describit
1733 3764 1992 3826 Sulpicius
2007 3761 2072 3810 ad
2087 3760 2390 3809 Ciceronem
2407 3756 2534 3806 scri-

337 3862 395 3900 se
412 3848 684 3913 proripuit.
751 3847 841 3895 Its.
858 3845 1070 3894 Sallust.
1473 3839 1622 3897 bens,
1655 3838 1747 3887 lib.
1767 3851 1842 3885 ιν.
1879 3837 2047 3897 Epist.
2077 3847 2230 3899 quam
2269 3832 2534 3881 concludit

404 3929 427 3974 'l'
457 3923 655 3974 AmM.
677 3925 826 3971 3991.
862 3920 950 3970 Ol.
969 3923 1081 3970 179.
1100 3923 1151 3967 2.
1185 3917 1393 3968 Urb.c.
1473 3912 1551 3960 his
1600 3911 1800 3960 verbis:
1854 3909 1973 3958 ‘Ita
2013 3909 2090 3956 vir
2122 3906 2434 3955 clarissimus
2463 3905 2543 3953 ab.

338 4004 453 4049 690.
494 3998 623 4048 Ant.
646 3997 744 4047 eh.
766 4000 848 4046 62.
1471 3988 1674 4037 homine
1699 3985 1966 4035 teterrimo
2006 3982 2339 4033 acerbissima
2361 3988 2529 4030 morte

403 4080 427 4106 θ
456 4074 535 4121 Μ.
575 4071 830 4134 Marcello]
865 4070 968 4122 Qui
1003 4084 1120 4119 cum
1162 4068 1389 4131 Sulpicio
1473 4070 1556 4112 est
1593 4060 1843 4121 affectus;
1879 4068 1935 4108 et
1970 4058 2054 4108 cui
2085 4056 2278 4107 inimici
2317 4061 2530 4119 propter

337 4148 435 4198 snb
468 4149 669 4198 initium
691 4149 817 4199 beni
850 4147 1015 4197 civilis
1036 4145 1229 4195 Consul
1257 4149 1391 4193 erat.
1472 4137 1778 4199 dignitatem
1821 4138 2217 4197 μεινεκε-ταοὶ,
2291 4132 2528 4181 inventus

337 4222 486 4274 Illius
543 4222 767 4272 reditum
832 4234 971 4285 saepe
1023 4218 1175 4268 fratri
1216 4219 1393 4269 Caessr
1473 4222 1555 4263 est
1575 4211 1773 4262 amicus
1794 4210 1881 4275 qui
1901 4208 1950 4258 ei
1967 4212 2184 4257 mortem
2207 4204 2462 4257 afferret.'
