3144 4925
552 363 685 431 858
1166 376 1470 428 masan
1520 375 1813 424 Mamm
1869 373 2010 422 ms.
2043 369 2154 420 ιι.

554 522 819 590 sitaniae
852 522 1197 587 civitatum
1226 527 1600 586 convocato
1644 509 1931 603 populo,
1976 524 2300 598 tauquam
2328 513 2412 578 de
2444 523 2739 578 commo·-

554 626 664 691 dis
687 623 835 706 ejus
857 628 1149 698 aeturus,
1179 628 1433 703 septem
1452 629 1473 668 ³
1518 621 1755 697 millia,
1802 620 1874 682 in
1903 619 2148 701 quibus
2199 615 2326 679 flos
2365 613 2740 698 juventutis

554 724 993 798 consistebat,
1026 722 1259 797 electa,
1304 727 1371 784 et
1402 721 1606 784 armis
1635 724 1861 794 exuta,
1891 718 2129 800 partim
2159 713 2542 791 trucidavit,
2585 733 2742 797 par-

552 825 673 890 tim
724 821 1079 888 vendidit.†
1172 819 1331 897 Quo
1359 819 1655 884 facinore
1685 819 2046 882 maximam
2074 815 2336 881 cladem
2351 818 2386 861 4
2425 813 2742 878 barbaro-

552 943 701 988 rum
728 920 1173 1004 magnitudine
1200 919 1495 984 criminis
1524 919 1938 982 antecessit.·

640 1023 709 1088 3.
755 1021 875 1087 Cn.
902 1027 1121 1088 autem
1159 1019 1527 1086 Domitium
1568 1019 1812 1084 summi
1843 1017 2132 1100 generis,
2178 1021 2246 1079 et
2272 1013 2496 1095 magni
2533 1013 2741 1078 animi

555 1124 796 1199 virum,
851 1121 1073 1186 nimiae
1120 1119 1349 1201 gloriae
1398 1118 1740 1200 cupiditas
1786 1116 2112 1200 perfidum
2161 1114 2466 1180 existere.
2500 1112 2743 1196 coegit.

556 1223 781 1286 Iratus
808 1227 1121 1302 namquee
1142 1219 1435 1284 Bituitos
1451 1215 1481 1256 ‘¹
1503 1218 1642 1300 regi
1670 1216 2132 1294 Arvernorum,
2151 1215 2330 1300 quod
2348 1235 2502 1280 cum
2525 1233 2744 1292 suam,

558 1329 701 1387 tum
716 1320 915 1386 etiam
943 1318 1375 1400 Allobrogum
1405 1325 1691 1400 gentem,
1723 1336 1796 1380 se
1839 1317 2044 1381 etiam
2089 1322 2229 1380 tum
2274 1316 2344 1381 in
2391 1315 2746 1397 provincia

556 1427 875 1497 morante,
906 1419 990 1484 ad
1020 1419 1109 1497 Q.
1144 1419 1385 1485 Fabii·
1429 1418 1844 1482 successoris
1875 1419 1982 1482 sui
2013 1416 2358 1482 dexteram
2389 1413 2744 1497 confugere

554 1519 867 1586 hortatus
901 1525 1103 1596 esset,
1130 1538 1251 1602 per
1277 1517 1598 1600 colloquii
1626 1517 2122 1581 simulationem
2143 1516 2566 1592 arcessitum,
2585 1513 2744 1579 hos-

554 1619 867 1704 pitioque
908 1625 1262 1701 exceptum
1292 1618 1529 1694 vinxit,
1579 1636 1662 1682 ac
1705 1616 1999 1680 Romam
2041 1635 2213 1680 nave
2255 1613 2744 1699 deportandum

556 1721 872 1787 σπανία*
960 1717 1177 1802 Cujus
1204 1718 1456 1783 sactum
1484 1724 1758 1784 senatus
1783 1736 2010 1799 neque
2038 1717 2322 1800 probare
2354 1716 2602 1798 potuit,
2629 1733 2744 1777 ne-

613 1925 639 1948 ·
661 1916 769 1992 ono
785 1891 1005 1974 sincium
1034 1914 1275 1978 superam
1310 1911 1636 1976 amanam
1667 1911 1879 1962 ma
1893 1910 1970 1964 aa
1989 1911 2168 1961 cuam
2187 1923 2328 1974 qm
2345 1909 2514 1960 annue
2533 1908 2750 1960 earm

553 1993 828 2029 mmm·

555 2189 709 2240 codd.
728 2204 794 2238 ex
818 2189 1000 2252 quibus
1032 2188 1187 2252 pauci
1224 2187 1471 2237 exhibent
1501 2191 1890 2248 gestaverat—8
1933 2187 2097 2237 Codd.
2126 2189 2342 2238 Torreu.
2371 2201 2563 2244 novena
2591 2187 2743 2248 Mog.

555 2253 773 2302 Mediol.
795 2250 1013 2300 Ascens.
1035 2255 1136 2300 octo
1152 2267 1174 2310 ‚-
1206 2251 1353 2300 Leid.
1374 2252 1538 2314 quint.
1577 2251 1774 2298 Centum
1789 2255 1929 2308 σεῦα,-
1961 2257 2095 2299 sext.
2118 2265 2234 2299 cum
2258 2252 2441 2314 Copes.
2461 2263 2580 2307 sea-,⁰
2602 2251 2741 2300 Ven.

554 2315 680 2366 ΑΜ.
713 2323 769 2364 et
802 2315 986 2378 reliqui
1011 2329 1173 2378 usque
1194 2314 1258 2363 ad
1286 2314 1547 2377 Pighiurn,
1586 2327 1748 2363 novem
1779 2314 1963 2363 millim-
1994 2314 2084 2362 ille
2122 2319 2300 2376 uptam
2337 2314 2487 2363 millia
2517 2312 2666 2362 dedit
2685 2320 2745 2362 et

554 2393 671 2428 eum
694 2379 879 2429 secuti.
944 2377 1081 2426 Vide
1102 2377 1324 2428 Casaub.
1359 2377 1425 2426 ad
1458 2377 1604 2426 Suet.
1639 2378 1690 2424 iu
1724 2376 1895 2426 Galba
1916 2391 2034 2440 cap.
2058 2381 2201 2427 3.-4
2236 2377 2426 2440 Ultraj.
2450 2381 2496 2426 l.
2517 2376 2668 2426 Leid.
2691 2381 2742 2426 6.

554 2449 615 2493 et
632 2443 819 2507 Copes.
846 2446 1033 2506 partem
1051 2455 1148 2504 pro
1166 2442 1363 2503 cladem,
1382 2441 1515 2504 quod
1535 2441 1682 2490 estin
1704 2441 1917 2490 ceteris.
1961 2443 1978 2467 ⁶
1999 2439 2188 2511 §eusus
2209 2446 2324 2491 est:
2351 2441 2504 2489 Licet
2520 2439 2746 2490 maxima

552 2507 735 2557 clades
756 2507 915 2557 fuerit
942 2506 1271 2555 barbarorum
1314 2512 1484 2555 tamen
1506 2504 1674 2568 majus
1695 2503 1856 2554 fuisse
1879 2504 2014 2554 illius
2046 2505 2261 2567 crimen,
2281 2506 2516 2567 adeoque
2554 2505 2748 2567 magni-

554 2572 783 2620 tudinem
822 2570 985 2619 cladis
1022 2569 1251 2631 magnitu
1292 2568 1375 2617 ine
1416 2569 1647 2617 criminis
1691 2567 2064 2617 antecessisse!
2096 2568 2415 2617 Feriam—5
2456 2568 2542 2616 Ita
2586 2562 2741 2615 codd.

554 2632 675 2683 vide
694 2633 935 2697 interpp.
956 2632 1023 2681 ad
1048 2634 1184 2681 Flor.
1218 2645 1305 2681 111.
1338 2636 1389 2681 2.
1421 2631 1641 2694 Pighius
1679 2642 1855 2680 tamen
1889 2631 2128 2694 dederat,
2163 2632 2359 2681 Betulto
2389 2644 2456 2680 ex
2489 2644 2742 2681 marmore

550 2697 788 2763 antiquo.
854 2698 1014 2747 Paulo
1037 2704 1154 2759 post
1188 2696 1384 2759 aliquot
1416 2695 1566 2745 codd.
1599 2700 1700 2743 tam
1727 2709 1861 2745 ruam
1901 2709 2036 2759 quum
2067 2701 2118 2744 et
2149 2696 2216 2745 Δ.
2247 2700 2473 2757 gmm3
2509 2695 2612 2757 vel,
2641 2699 2744 2743 tun

1538 2836 1588 2887 N
1593 2836 1752 2888 01·AE

614 2958 643 3004 ‘l’
677 2948 777 3000 Au.
800 2949 878 2999 M.
902 2952 1050 2999 3903.
1072 2948 1159 2999 01.
1186 2952 1297 2999 157.
1320 2952 1368 2997 2.
1386 2948 1515 2999 Urb.
1541 2948 1603 2998 C.
1689 2947 1975 2999 Domitium
2020 2948 2086 2999 ad
2118 2948 2308 2997 flumen
2347 2947 2628 3004 Undalum‚
2649 2947 2743 2995 ite-

550 3028 667 3075 602.
692 3024 817 3075 Ant.
840 3025 935 3074 Ch.
960 3028 1071 3073 15⁰.
1687 3038 1798 3073 rum
1823 3030 2008 3074 contra
2045 3024 2262 3073 Fabium
2293 3022 2359 3071 ad
2395 3019 2740 3084 confluentem

616 3107 639 3132 0
660 3098 823 3147 Iram
842 3097 1063 3162 nmque]
1108 3100 1276 3147 Locus
1296 3097 1449 3160 plane
1474 3095 1606 3145 diffi-
1685 3098 1738 3147 in
1799 3099 2103 3149 Rhodanum
2159 3098 2385 3157 Isaram3
2449 3112 2738 3161 magnaque

549 3172 695 3232 eilis;
746 3186 863 3224 cum
897 3179 953 3221 et
990 3172 1057 3221 ab
1101 3172 1212 3221 aliis
1248 3172 1508 3232 Valerius,
1550 3177 1608 3220 et

550 3246 636 3294 alii
664 3246 799 3293 inter
818 3260 874 3293 se
896 3245 1221 3295 dissentiant.
1284 3246 1463 3294 Tradit
1483 3246 1606 3294 Sue-

549 3320 723 3370 tonius
780 3318 1105 3381 Allobrogas,
1158 3318 1521 3384 Arvernosque
1572 3334 1606 3369 a

546 3396 779 3445 Domitio
800 3396 998 3444 victos:
1032 3394 1261 3443 Velleius
1284 3392 1551 3443 Arvernos
1572 3408 1605 3443 a

548 3468 844 3531 Domitio,a
867 3468 1025 3517 Fabio
1067 3467 1409 3530 Allobrogasz
1460 3469 1602 3531 Epit.

548 3544 762 3593 Liviana
795 3543 887 3594 lib.
924 3556 1037 3591 uxr.
1095 3541 1401 3603 Allobrogas
1435 3558 1466 3591 a
1494 3544 1602 3592 Do·
1637 3550 1641 3555 '

542 3610 729 3679 mitio;
774 3633 804 3666 a
822 3617 982 3666 Fabio
1002 3630 1124 3665 vero
1142 3622 1197 3665 et
1219 3615 1526 3679 Allobrogas
1547 3627 1605 3667 et

545 3691 843 3742 Arvernost
897 3692 1075 3740 Florus
1108 3696 1164 3739 et
1204 3691 1483 3753 Eutropius
1522 3706 1604 3741 res

546 3768 614 3817 ab
653 3774 870 3831 utroque
910 3772 1081 3828 gestas
1123 3766 1460 3829 permiscent.
1526 3765 1604 3815 Ut

544 3856 635 3891 eos
674 3855 867 3903 omnes,
903 3840 1069 3903 quoad
1108 3841 1220 3903 eJus
1257 3838 1369 3889 fieri
1409 3847 1601 3903 potest,

544 3916 893 3975 conciliemus,
913 3930 977 3965 ea
998 3916 1145 3978 ratio,
1169 3930 1323 3979 quam
1359 3915 1604 3978 suppedi-

536 3996 627 4053 'tat
666 3991 874 4053 Strabo,
911 3989 1136 4040 ineunda
1173 3998 1271 4040 est.
1360 3990 1604 4040 Betultus

1685 3180 1860 3237 strage
1883 3174 1936 3221 iu
1969 3180 2190 3237 utroque
2229 3172 2411 3234 praelio
2449 3174 2620 3220 victus
2641 3181 2737 3219 est.

1685 3247 1819 3297 Post
1838 3246 2146 3309 Allobroges
2178 3247 2495 3296 deditionem
2520 3245 2736 3307 faciunt,

1685 3335 1751 3370 ex
1795 3322 2080 3384 Eutropio;
2128 3326 2185 3369 et
2225 3321 2470 3369 Betultus
2506 3320 2637 3383 ipse,
2672 3334 2738 3369 ex

1685 3396 1832 3459 Epit.
1867 3397 1983 3445 Liv.
2007 3396 2220 3445 Romam
2261 3402 2448 3459 sponte
2469 3396 2631 3458 veuit,
2647 3395 2738 3443 sed

1684 3484 1881 3520 summa
1919 3470 2140 3534 perfidia
2179 3469 2334 3520 Albae
2375 3470 2740 3521 custodiendus

1685 3546 1958 3596 retinetur.

1746 3620 1771 3653 ἅ
1811 3620 1998 3669 Bituito
2015 3620 2262 3685 [Betulto]
2292 3620 2496 3669 Dicitur
2516 3620 2652 3670 enim
2682 3626 2740 3669 et

1683 3695 1932 3756 Betultur,
1949 3702 2005 3743 et
2025 3695 2267 3743 Retuliur.

1745 3774 1770 3801 θ
1806 3770 1869 3825 Q.
1895 3769 2060 3830 Fabii]
2104 3767 2359 3817 AEmiliani
2401 3768 2737 3831 Allobrogici,

1685 3842 1772 3907 qui
1793 3843 2048 3907 Scipionis
2071 3842 2329 3891 AEmiliani
2351 3858 2418 3892 ex
2455 3842 2616 3892 fratre
2645 3857 2734 3891 ne-

1681 3930 1794 3981 pos.
2165 3958 2170 3963 .

1743 3996 1768 4048 ξ
1801 3991 1902 4042 An.
1917 3992 1994 4040 M.
2019 3996 2164 4042 3933.
2199 3992 2288 4042 01.
2314 3997 2426 4043 164.
2447 3997 2495 4043 4.
2531 3992 2733 4043 oruc·

541 4073 729 4113 contra
771 4068 1027 4115 Romanos
1065 4066 1335 4129 pugnavit,
1358 4064 1600 4115 Allobro·
1677 4068 1793 4116 6³2.
1829 4066 1952 4116 Ant.
1973 4067 2066 4115 Ch·
2090 4072 2202 4117 120.

547 4152 668 4202 gum
690 4139 888 4187 auxiliis
924 4139 1118 4190 fretus:
1172 4139 1385 4203 primum
1414 4150 1598 4191 contra
