3144 4925
894 928 1498 1062 VALERII'
1579 973 2110 1065 MAXIMI

339 1244 344 1247 ’
407 1236 946 1307 FAGTORUM
1021 1242 1779 1324 DIGTORUMQUE'
1821 1238 2607 1311 MEMORABILIUM

1202 1522 1534 1598 LIBER
1612 1522 1795 1597 vn.

1331 2016 1543 2084 CAP.
1588 2019 1647 2085 I.

1112 2200 1244 2265 DE
1289 2198 1891 2267 FELICITATE.

434 2388 460 2435 1
497 2385 564 2437 Q.
587 2382 792 2433 Metelli
808 2383 1156 2433 Macedonici.
1561 2388 1595 2433 2
1630 2384 1797 2449 Gygis
1821 2385 2083 2450 Lydorum
2107 2386 2261 2451 regis.

401 2550 544 2640 Vo
557 2593 858 2643 numnis
905 2577 1184 2642 fortunae
1214 2577 1557 2660 complura
1584 2586 1603 2616 ¹
1656 2579 1970 2661 exempla
2011 2581 2394 2646 retulimus:
2443 2601 2603 2647 con-

406 2682 664 2742 stanter
691 2680 1005 2762 propitiae
1027 2686 1053 2715 ²
1099 2679 1462 2744 admodum
1491 2699 1713 2762 pauca
1742 2683 1995 2746 narrari
2023 2687 2325 2764 possunt.
2443 2683 2603 2760 Quo

402 2784 612 2862 patet,
644 2799 796 2844 eam
829 2780 1152 2845 'adversas
1193 2801 1300 2844 res
1350 2779 1600 2863 cupido
1630 2782 1859 2845 animo
1898 2781 2215 2866 infligere,
2268 2783 2604 2848 secundas

402 2899 614 2962 parco
675 2881 991 2946 tribuere.
1099 2881 1375 2959 Eadem,
1399 2890 1409 2910 ³
1433 2883 1550 2946 ubi
1609 2883 2043 2966 malignitatis
2115 2885 2429 2950 oblivisci
2472 2883 2605 2949 sibi

402 2983 807 3066 imperavit,⁶
849 3004 986 3048 non
1018 2986 1238 3049 solum
1269 2984 1560 3066 plurima
1590 2990 1657 3048 et
1699 2985 2021 3064 maxima,
2070 2986 2191 3050 sed
2224 2988 2426 3052 etiam
2452 3005 2602 3069 per-

402 3088 606 3164 pet'ua
624 3087 806 3152 bona
836 3089 1146 3169 congerit.

489 3187 551 3250 1.
597 3187 973 3253 Videamus
1006 3208 1162 3272 ergo
1194 3193 1359 3272 quot
1405 3188 1721 3271 gradibus
1768 3188 2242 3254 beneficiorum
2286 3187 2418 3268 Qu.
2452 3187 2603 3253 Me·-

405 3288 633 3355 tellum
668 3293 710 3355 a
739 3292 956 3374 primo
988 3291 1265 3372 originis
1295 3291 1405 3354 die
1434 3291 1520 3354 ad
1551 3291 1858 3354 ultimum
1905 3291 2117 3374 usque
2152 3291 2287 3356 -fati
2333 3296 2601 3372 tempus

403 3409 738 3474 nunquam
796 3398 1100 3458 cessante
1147 3392 1589 3476 indulgentia,
1650 3394 1738 3457 ad
1799 3413 2128 3456 summum
2172 3393 2391 3458 beatae
2443 3394 2602 3458 vitae

405 3494 781 3558 cumulum³
857 3495 1270 3579 perduxerit.
1389 3496 1607 3562 Nasci
1686 3502 1881 3559 eum*
1948 3496 2022 3558 in
2072 3495 2235 3558 urbe
2284 3499 2603 3560 terrarum

468 3723 494 3746 ⁶
513 3701 696 3768 Eadem
704 3717 908 3788 fortuna
927 3725 1171 3783 postquam
1177 3719 1394 3784 fimiter
1413 3718 1659 3768 constituit
1681 3716 1891 3766 oblivisci
1906 3715 2223 3778 malignitatis
2240 3715 2333 3764 sibi
2352 3715 2536 3764 innata.

469 3962 498 4006 1
535 3958 723 4021 copes,
745 3973 885 4022 quam
903 3960 1070 4021 plura:
1095 3959 1230 4007 unde
1255 3959 1490 4007 Perizon.
1521 3960 1659 4022 conj.
1682 3974 1821 4020 quam
1838 3958 2080 4021 plurinum
2104 3955 2255 4005 Harl.
2278 3955 2600 4018 complurima.

401 4025 500 4070 -2
533 4022 621 4071 Ita
643 4023 856 4086 Pighius
879 4037 946 4072 ex
965 4024 1167 4073 Winck.
1189 4029 1244 4072 et
1269 4023 1474 4072 Gembl.
1543 4023 1757 4072 Habent
1779 4023 1854 4070 ita
1874 4035 2078 4085 quoque
2102 4021 2297 4082 aliquot
2320 4021 2449 4068 Mss.
2472 4019 2603 4069 Tor·

403 4086 554 4135 renii.
578 4087 701 4136 Vet.
722 4093 780 4136 et
800 4087 1019 4136 Ascens.
1086 4089 1271 4137 Plures
1293 4087 1423 4136 MsS.
1446 4087 1709 4137 constantis
1736 4086 1975 4148 propitia,
2010 4085 2119 4134 sive
2137 4083 2395 4132 constantis
2412 4089 2461 4132 et
2490 4097 2600 4148 pro-

396 4151 554 4212 pitia.
619 4152 858 4202 vorstius
879 4167 946 4202 ex
971 4167 1069 4200 uno
1091 4153 1285 4202 Brund.
1305 4152 1564 4202 constantis
1586 4166 1642 4199 ac
1659 4151 1979 4213 proprioe.——3
2014 4149 2101 4198 Ita
2138 4163 2315 4198 omnes
2354 4148 2506 4198 codd.
2542 4154 2599 4198 et

402 4213 524 4264 edd.
550 4218 677 4268 vett.
743 4217 954 4280 Pighius
979 4231 1098 4266 vero
1123 4233 1192 4270 ex
1211 4218 1519 4281 conjectura
1552 4215 1701 4266 dedit
1732 4215 2026 4264 culmem—4
2063 4215 2145 4265 Ita
2184 4213 2393 4278 Pighius
2430 4226 2602 4263 emen·
