3144 4925
549 349 681 416 800
1120 362 1433 416 vsnnnn
1484 329 1776 412 msxim
1827 363 1972 416 ms.
2023 365 2186 418 vm.

551 511 573 542 ‘
598 507 1043 572 centesimum
1074 515 1148 572 et
1174 506 1567 589 vigesimum
1593 513 1646 554 ²⁵
1679 527 1922 572 annum
1943 509 2355 592 transgredi?
2439 509 2529 576 Et
2557 509 2758 588 Indi,1’

552 608 638 673 de
666 607 909 690 quibus
935 605 1202 672 Ctesias
1219 615 1246 654 ‘¹
1294 606 1475 670 idem
1496 605 1554 646 ²⁶
1600 607 1835 672 tradit.
1921 609 2012 673 Et
2039 608 2474 692 Epimenides
2513 611 2756 674 Cnosi-

554 727 639 772 us
676 728 693 772 :
742 714 795 756 ²⁷
819 715 841 745 ¹
904 727 1103 790 quem
1156 707 1677 798 Theopompus·
1724 707 1894 773 dicit
1957 713 1978 743 ‘
2001 717 2262 791 septem
2313 715 2382 774 et
2425 711 2756 793 quinqua-

554 808 741 890 ginta
769 813 835 872 et
866 814 1131 874 centum
1160 804 1369 870 annos
1396 805 1699 870 vixisse.²
1789 863 1794 868 .

638 909 707 973 6.
757 908 1156 973 Hellanicus
1169 907 1221 946 ²⁸
1240 906 1259 942 ‘
1284 925 1444 971 vero
1475 908 1597 984 ait,
1627 911 1647 941 ‘
1667 905 1998 990 quosdam
2017 927 2105 972 ex
2121 915 2321 991 gente
2346 907 2760 991 Epiorum,’¹¹

558 1029 711 1093 quae
752 1028 937 1090 pars.
963 1016 1063 1073 est
1106 1007 1415 1084 AEtoliae,
1459 1011 1480 1041 ‘
1498 1005 1828 1072 ducentos
1876 1010 2148 1091 explere
2201 1029 2410 1074 annos
2437 1010 2515 1075 τ’*
2557 1012 2756 1095 eique

1479 1181 1627 1202 OOm
1633 1181 1775 1202 ”000
1779 1182 1836 1201 00

558 1313 747 1377 Vulgo,
778 1315 1088 1374 tricesimum,
1122 1320 1182 1362 nt
1197 1313 1256 1362 iu
1279 1313 1401 1362 Par.
1424 1318 1473 1362 8.
1500 1315 1660 1364 Barb.
1685 1320 1730 1364 1.
1755 1315 1922 1364 Bitur.
1945 1319 1994 1364 1.
2017 1320 2072 1363 et
2088 1315 2282 1378 Ultrsj.
2303 1319 2352 1366 1.
2375 1314 2562 1378 reliqui
2585 1316 2758 1376 vigesi-

558 1393 689 1428 mum
709 1394 825 1428 cum
852 1380 995 1441 Mog.
1016 1379 1153 1442 quod
1178 1379 1409 1440 reposuit
1433 1379 1802 1440 Pighius.-26
1834 1379 1922 1427 lta
1955 1379 2127 1427 Coler.
2167 1393 2234 1426 ex
2257 1380 2471 1428 Venett.
2509 1379 2762 1440 probante

559 1443 859 1501 Perizoui03
894 1443 1080 1504 quidem
1100 1448 1301 1503 septem
1324 1441 1477 1492 codd.
1500 1448 1555 1490 et
1579 1442 1700 1491 edd.
1725 1448 1854 1491 vett.
1897 1457 1928 1490 e
1965 1443 2149 1504 quibus
2183 1442 2381 1504 aliquot
2404 1443 2599 1502 Eme,
2633 1443 2757 1490 item

560 1506 748 1563 Esaias,
770 1516 827 1554 et
854 1507 1019 1554 Oseias
1039 1506 1264 1554 habent:
1300 1505 1471 1553 Eseias
1491 1505 1639 1567 Mog.
1673 1506 1922 1554 Bartbius
1947 1505 2175 1566 legebat,
2195 1507 2329 1567 quusi
2348 1507 2620 1555 idem—27
2653 1505 2759 1554 Pro

562 1569 765 1617 Cnosius
786 1571 979 1632 aliquot
1002 1567 1152 1617 codd.
1174 1568 1395 1618 Torreu.
1434 1566 1730 1630 praefernnt·
1759 1568 2116 1617 Gnosium—28
2147 1569 2233 1616 Ita
2266 1569 2457 1632 Copes.
2496 1569 2600 1616 duo
2635 1570 2760 1617 Tor-

534 1633 757 1680 ·reniani
782 1633 1083 1687 Tonantem,-
1117 1646 1209 1680 sex
1242 1645 1357 1680 cum
1399 1631 1543 1694 Mog.
1591 1632 1887 1690 Tonantio-us,-
1919 1645 2049 1680 unus
2077 1632 2322 1680 Telunicus
2337 1647 2359 1690 ,-
2392 1647 2524 1680 unus
2550 1631 2761 1680 Μηί-

561 1710 643 1742 cus
658 1711 678 1751 ,⁴
710 1710 842 1744 uuus
864 1697 989 1744 item
1014 1695 1296 1744 Tollanicus.
1363 1695 1491 1744 Mox
1516 1695 1668 1744 codd.
1687 1697 1904 1746 Torren.
1928 1695 2203 1758 Epiporum,
2222 1703 2282 1744 ut
2303 1696 2354 1743 in
2376 1697 2517 1746 Dan.
2537 1705 2592 1744 et
2618 1696 2760 1756 Mog.

560 1759 645 1806 vel
669 1760 990 1823 Epypporum,
1012 1761 1097 1808 vel
1123 1759 1412 1822 Em'rorum
1450 1759 1654 1810 Winck.
1679 1759 1914 1823 Eliorum,
1947 1759 2202 1823 probante
2223 1759 2442 1823 Pigbi03
2483 1759 2762 1822 Elin-iorum

1557 1905 1610 1955 N
1613 1903 1778 1955 01*AE

624 2055 653 2094 t>
686 2049 823 2112 Indi]
855 2049 1087 2102 Quorum
1112 2049 1254 2112 regio
1276 2048 1416 2098 iuter
1430 2045 1626 2100 flumen

562 2127 750 2190 Indum
774 2125 837 2174 ad
862 2139 1121 2186 occasum,
1140 2131 1195 2174 et
1211 2125 1395 2174 Serum
1410 2122 1624 2174 fluvium

560 2200 627 2248 ad
656 2206 826 2249 ortum
850 2204 1094 2249 extensae
1129 2197 1259 2246 duas
1296 2197 1351 2245 in
1388 2205 1566 2260 partes
1593 2213 1626 2246 a

562 2273 749 2333 Gange
775 2271 940 2318 divisa
961 2276 1060 2318 est.
1127 2269 1301 2319 Hodie
1324 2270 1571 2322 Indostan.

624 2353 649 2386 ‘l
686 2345 895 2406 Ctesias]
927 2344 1139 2393 Cnidius
1182 2344 1519 2408 Xenophonti
1558 2361 1626 2394 ε-

567 2421 761 2485 qualis:
797 2420 847 2468 in
872 2433 934 2469 eo
957 2418 1164 2483 quidem
1189 2419 1387 2482 praelio,
1403 2434 1504 2485 quo
1528 2421 1626 2485 Cy·

561 2511 651 2547 rus
680 2496 857 2560 junior
886 2493 1154 2556 occubuit,
1186 2508 1219 2541 a
1242 2494 1415 2543 Persis
1438 2502 1625 2557 captus

562 2581 676 2632 est;
711 2571 838 2620 artis
863 2570 1085 2619 Medicae
1108 2570 1297 2632 peritia
1319 2570 1447 2633 Regi
1486 2584 1625 2619 com-

561 2648 850 2708 mendatus,
885 2661 1004 2696 eum
1042 2660 1108 2695 ex
1144 2646 1355 2694 vulnere
1390 2646 1625 2707 sanavit3

565 2729 676 2771 tum
718 2723 857 2786 apud
899 2724 1069 2785 ipsum
1104 2720 1360 2783 gratiosus
1391 2721 1644 2771 substitit·

564 2796 708 2846 suuis
748 2795 1159 2859 septemdecim:
1196 2795 1382 2859 quibus
1416 2794 1630 2859 Assyria

565 2877 621 2920 et
642 2872 859 2920 Persico
892 2870 1036 2920 libris
1068 2874 1151 2920 23.
1183 2879 1239 2919 et
1261 2871 1421 2919 etiam
1445 2871 1630 2920 Indica

568 2960 633 2995 ex
658 2945 994 3006 membranis,
1026 2950 1086 2993 ut
1120 2945 1233 3007 ipse
1269 2943 1509 3007 affirmat,
1547 2960 1629 2995 re·

566 3020 665 3084 giis
689 3020 1014 3081 conscripsit.
1078 3018 1140 3066 In
1169 3020 1345 3067 multis
1370 3020 1435 3069 ab
1458 3020 1629 3071 Hero-

570 3094 697 3143 doto
740 3093 973 3157 dissidet,
1006 3094 1308 3143 veritatisne
1334 3108 1529 3158 amore,
1561 3110 1628 3146 an

566 3180 734 3228 secus,
769 3168 1055 3217 incertumx
1090 3181 1331 3230 magnum
1370 3168 1506 3217 euim
1546 3178 1628 3221 est

568 3242 807 3304 eruditis,
841 3251 960 3292 uter
984 3257 1161 3293 eorum
1184 3244 1388 3293 veriora
1410 3246 1631 3308 scripse-

567 3317 659 3379 rit,
691 3317 1023 3380 disceptandi
1066 3326 1443 3381 argumentum.
1507 3322 1630 3371 Cte-

568 3392 697 3442 siam
718 3392 884 3442 secuti
916 3400 1037 3441 sunt
1056 3392 1315 3441 Diodorus
1334 3394 1555 3456 Siculus,
1577 3402 1634 3445 et

568 3468 763 3532 'lli-ogas
810 3468 1118 3532 Pompeius:
1170 3467 1487 3519 Herodotum
1521 3472 1632 3535 ple-

573 3543 722 3607 rique
746 3542 851 3591 alii.

634 3624 655 3649 ¹·
675 3617 987 3681 ‚Epimiaeo
1032 3617 1283 3680 Cnossius]
1332 3618 1627 3672 Cretensis:

568 3692 883 3756 Pythagora
934 3693 1076 3742 aetati
1116 3707 1333 3757 suppar,
1384 3709 1451 3744 ex
1485 3695 1630 3759 Apu.

567 3766 673 3815 leio
694 3768 877 3816 missus
901 3783 934 3816 a
954 3774 1122 3831 patre,
1157 3772 1215 3817 ut
1234 3782 1381 3819 ovem
1402 3773 1632 3822 rure-de-

568 3840 812 3905 duceret,
845 3840 1011 3891 fessus
1048 3850 1179 3893 sesto
1228 3846 1514 3896 meridi-ano
1551 3847 1630 3897 di·

567 3916 729 3967 v'ertit
765 3917 819 3966 in
862 3932 1094 3981 specum,
1129 3917 1218 3968 uhi
1240 3932 1419 3969 somno
1438 3928 1625 3986 captus

567 3993 649 4039 57.
682 4004 839 4040 annos
862 4007 929 4040 ex
957 3992 1188 4057 Laenio,
1218 3998 1301 4046 40.
1332 4010 1399 4045 ex
1431 3998 1624 4048 Pausa-

568 4064 671 4123 nia,
689 4067 769 4115 47.
786 4080 851 4114 ex
872 4068 1126 4133 Eudemo,
1158 4073 1239 4121 46.
1274 4086 1343 4121 ex
1382 4073 1495 4123 aliis
1512 4074 1628 4125 dor·

570 4135 737 4187 iniisse
775 4138 974 4206 ferturz
1010 4151 1351 4207 experrectus
1376 4160 1511 4212 vero,
1546 4164 1626 4199 ra·

1705 2055 1790 2100 tus
1855 2063 1912 2103 se
1965 2048 2234 2099 dormiisse
2279 2048 2564 2112 paululum,
2611 2057 2759 2096 ovem

1703 2125 2005 2188 quaerebat3
2039 2139 2144 2189 qua
2181 2137 2284 2172 non
2326 2122 2556 2184 iuventa,
2589 2135 2760 2171 rever-

1705 2212 1792 2248 sus
1813 2199 2020 2249 domum
2043 2214 2074 2247 a
2093 2199 2260 2248 fratre
2273 2198 2482 2262 juniore
2506 2199 2616 2261 jam
2635 2210 2762 2246 seue

1705 2272 1792 2321 vix
1813 2273 2018 2336 agnitus
2055 2280 2167 2323 est:
2204 2274 2370 2323 multa
2390 2287 2628 2322 versuum
2651 2272 2764 2320 mil·

1705 2347 1772 2396 lia
1824 2349 2047 2410 scripsit.
2137 2348 2314 2398 Annos
2357 2353 2469 2398 158.
2540 2347 2763 2408 Plinius,

1704 2426 1821 2473 290.
1881 2421 2120 2473 Laertius
2154 2437 2271 2473 eum
2316 2423 2508 2473 vixisse
2567 2437 2763 2472 memo-

1705 2504 1815 2548 rate
1851 2512 1968 2547 eum
2007 2512 2039 2547 a
2079 2500 2484 2549 Lacedaemoniis
2517 2497 2764 2549 interfec-

1707 2579 1816 2622 tum
1839 2572 1997 2624 refert
2019 2574 2324 2624 Pausanias.

1772 2654 1792 2679 ⁸
1824 2648 2161 2711 Theopompus]
2195 2649 2371 2709 Chius,
2397 2639 2642 2698 Isocratis
2661 2648 2766 2698 dis-

1708 2720 1940 2784 cipulus:
1990 2722 2332 2786 Philippicam
2378 2722 2660 2772 Historiam
2706 2724 2767 2771 li-

1707 2794 1813 2843 bris
1834 2799 1916 2846 48.
1948 2811 2140 2845 summa
2171 2797 2766 2860 diligentia-composuit.

1710 2868 1976 2920 Historiae-
1997 2884 2105 2920 suae
2143 2869 2258 2921 cum
2301 2872 2458 2922 vellet
2493 2888 2560 2923 ex
2604 2874 2764 2923 sacris

1707 2944 1870 2994 literis
1911 2946 2142 2995 nonnihil
2180 2947 2429 3010 inserere,
2461 2948 2648 2997 mentis
2677 2948 2768 2997 im·

1709 3034 1802 3081 pos
1833 3034 1930 3083 per
1957 3021 2170 3084 triginta
2200 3022 2313 3071 dies
2343 3021 2766 3088 fnisseperhibe·

1709 3100 1796 3143 tur
1816 3110 1848 3144 a
1867 3095 2099 3159 Josepho
2127 3104 2184 3147 et
2205 3097 2443 3160 Agathia.

1771 3172 1788 3204 ⁸
1819 3173 2123 3237 Hellanicus]
2158 3176 2237 3223 Ex
2266 3175 2540 3225 Hellanico
2560 3177 2766 3227 diversa

1711 3246 1844 3297 citat
1868 3248 2182 3311 Atheuoeus3
2214 3264 2332 3313 quae
2367 3265 2434 3299 an
2465 3251 2570 3301 sint
2593 3252 2782 3301 Hella·

1709 3322 1813 3371 niei
1849 3324 2156 3387 Mitylenaei,
2189 3339 2256 3373 an
2295 3325 2510 3388 Milesii,
2553 3327 2763 3377 dubium

1709 3404 1807 3447 est.
1872 3400 1975 3450 Hic
1999 3400 2234 3451 Milesius
2255 3402 2581 3465 intelligitur.

1774 3480 1800 3507 '¹
1819 3476 2062 3536 Exgente
2077 3476 2330 3540 Epiorum]
2353 3476 2460 3526 Alii
2483 3478 2775 3541 Epiptmm·

1707 3548 1890 3611 legunt
1903 3566 1924 3611 -;
1956 3550 2168 3600 Colerus
2186 3552 2481 3615 Epir-iorum,
2498 3554 2588 3616 qui
2608 3554 2763 3603 iidem

1709 3636 1771 3672 ac
1793 3622 2120 3687 Acarnanes3
2153 3625 2382 3689 Pighius,
2405 3628 2650 3679 Elim-um.-
2673 3628 2762 3694 qui

1708 3705 1764 3747 et
1786 3698 1906 3762 Epii
1927 3700 1991 3749 ab
2014 3702 2160 3763 Epeo
2183 3701 2327 3763 Rege
2347 3701 2478 3751 dicti
2497 3712 2634 3753 sunt.

1770 3780 1795 3807 v
1826 3774 2071 3825 Ducentos
2091 3777 2279 3839 explere
2298 3778 2466 3841 anm]
2498 3776 2636 3827 Hoec
2657 3792 2765 3827 om-

1708 3847 1792 3897 nia
1833 3848 2068 3899 fabulosa
2109 3863 2214 3899 non
2267 3850 2525 3901 immerito
2579 3852 2763 3902 scr-ibit

1707 3922 1942 3986 Plinius3
1974 3924 2132 3989 idque
2176 3939 2243 3976 ex
2283 3928 2541 3977 varietate
2580 3942 2762 3991 prove-

1705 3997 1841 4049 nisse
1879 4014 2148 4064 snnorum,
2181 4016 2310 4065 quos
2353 4002 2442 4051 alii
2487 4016 2583 4052 sex
2623 4014 2762 4053 men-

1705 4077 1854 4143 sium,
1883 4078 1972 4129 alii
1994 4080 2148 4130 trium
2167 4079 2569 4131 constituissent.
